4096 6453
954 390 1108 212 DOVZIEME.

2693 380 187 250 361

164 555 2680 190 qu’ils auoyent de faire farines. Ceux-ci, non moins faſ¬

156 731 2664 150 chez de ceſte perte, que de la trop ſoigneuſe garde que

156 838 2675 156 les Catholiques faiſoyent à ce moulin, s’auiſent de deſ¬

156 951 2664 178 guiſer en femmes, les quatre plus reſolus de tous leurs ieu

156 1091 2675 151 nes ſoldats: leſquels eſpee, & piſtole ſous la queuë, & le

147 1204 2675 143 fouët en main: faignans de deſcharger leurs aſnes char¬

161 1319 2665 168 gez de bled, ſe ſaiſirent du pont leuis: & maiſtres dela

157 1448 2658 165 porte, embraſſerent ſi mignardement les deux premiers

161 1570 2658 154 qui les venoyent careſſer, que les ayans renuerſez morts

147 1688 2672 165 ſur la place, (le reſte ſe garantiſſant à qui mieux) ſe firent

150 1803 2669 183 bien toſt maiſtres du lieu, la perte duquel leur auoit eſté

150 1939 872 161 trop importante.

294 2039 2525 158 Vous auez veu qu’vne des prineipales occaſions meu¬

143 2179 2672 144 rent les Princes de s’acheminer en Dauphiné, eſtoit l’eſ¬

143 2294 2668 168 poir de redreſſer là vne Fanterie nouuelle, qui leur fai¬

139 2412 2672 169 ſoit grande faute. Les Dauphinois neãt moins qui en cela

136 2534 2683 169 ne vouloyent faire deshonneur aux autres, priez de s’en

139 2656 2669 154 roller, & ſuyure les mandemens des Princes deçà le Roſ

143 2785 2658 154 ne, cõmencerent à ſe repreſenter le beau ſeiour de leurs

139 2914 2655 151 maiſons: ſi que meſcõtentez du premier traittemẽt que

139 3022 2655 150 leurs cõpagnons ſe vantoyẽt auoit receu en Frãce: pour

136 3140 2661 158 ſe retirer en Dauphiné ſe coulerẽt tous és lieux de leurs

132 3265 2669 169 retraittes, ſans vſer de longues harangues pour auoir

132 3387 2672 165 leur congé: aimans beaucoup mieux y dreſſer vne bon¬

132 3506 2665 175 ne armee, pour guerroyer ceux du pays, ( ce qu’ils fi¬

129 3624 2668 172 rent depuis, & s’aſſuiettirẽt pluſieurs autres places) que

129 3749 2665 165 d’aller ſouffrir les couruces de guerre ſous vn autre, &

123 3861 2697 161 tout different climat, que le leur: quelques remonſtran¬

123 3995 2675 145 ces que plus auiſez qu’eux leur peuſſent faire. Cela meut

123 4119 2659 161 les Princes de deſpeſcher ſoudain vers Briquemaut &

123 4226 2665 167 Guerchy, leſquels auoyẽt de grãdes troupes en Berry &

123 4355 2670 162 Niuernois, pour leur amener le plus de cheuaux & har¬

123 4463 2665 193 quebuziers qu’ils pourroyent, les garniſons preallable¬

118 4592 2664 183 ment pourueuës: preſageans (comme il eſt à croire) que

123 4710 2654 156 les Catholiques ne les lairroy ent s’emanciper plus auãt

123 4839 2643 167 en France, ſans leur donner bien toſt vne contre-teſte, à

123 4958 2659 161 laquelle (faute d’harquebuziers, & leurs cheuaux, qui e¬

118 5070 2670 178 ſtoyent tant haraſſez d’vn ſi long & malaiſé voyage) ils

123 5194 2675 183 pourroyẽt difficilement reſiſter. Cependant les Princes

123 5312 2670 221 dreſſerent leur route vers Foreſts, où Coulombiers ſur¬

2112 5452 140 226 12

2895 596 285 285 Raxe

2831 822 430 178 pour ſur¬

2836 967 377 167 prendre

2836 1086 425 172 vne place.

2814 3828 404 237 Les prin¬

2798 4027 393 162 ces en¬

2798 4124 334 194 uoyent

2798 4248 436 183 vers Bri¬

2793 4377 431 161 quemaut,

2788 4500 441 135 & Guer¬

2777 4635 377 145 chy à la

2793 4716 398 172 Charité,

2782 4845 447 172 pour leur

2782 4968 447 167 amener nõ

2788 5097 430 162 bre d’har

2798 5221 329 145 quebu¬

2793 5350 248 199 vers.
