4096 5724
1039 346 570 216 M. D. LXVI.

1558 480 2334 171 & en ſin par tout le païs bas, & non contens de cela

1561 613 2328 134 ſ'accouſtumerent à porter armes, & melpriſans les e¬

1564 721 2328 147 dits du Roy & le vouloir expres de leur gouuernante

1567 829 2325 150 vont embaſtonnez à leurs aſſemblees, qui croiſſoient

1561 941 2331 140 à veuë d’œil de iour en autre, pour la friandiſe de ceſte

1561 1052 2331 137 licence nouuelle, & des riches promeſſes des miniſtres

1567 1167 2328 146 taut François que Flamans. Finablement ils commen¬

1567 1287 2325 137 cent à faire gouſter les fruits de leur liberté Caluini¬

1570 1383 2325 143 ſte, c’eſt à dire d'vne deſbride à tout brigandage, &

1570 1494 2319 159 à la roupture des bonnes loix & du repos publique,

1574 1612 2321 130 rauageans en peu d’heure vne infiuité d’Egliſes & bri¬

1577 1723 2318 150 ſans les images auec l’outrage & profanation de tou¬

1580 1828 2318 153 tes choſes ſacrees. La ducheſſe pour ralenter le cours

1583 1939 2315 150 de ce fur eux deſbordement populaire, de craincte

1583 2060 2315 143 que les Huguenots François pour lors de loiſir ne ſe

1580 2175 2322 146 miſſent generalement de la partie, ainſi que faiſoient

1577 2276 2315 150 ia les plus affamez, & que cela n’eſbranlaſt & alte¬

1575 2369 2317 171 raſt notablement l'eſtat de ſon gouuernement, eu

1583 2486 2315 162 l'aduis des cheualiers de la toiſon & autres, promit

1570 2613 2322 140 aux coniurez ſurſeoir & faire ceſſer tous edits, in¬

1560 2712 2329 162 quiſitions & pourſuittes touchant le fait de la con¬

1567 2833 2325 156 ſcience, à la charge qu’eux reciproquement poſeroient

1564 2944 2328 146 les armes ſans plus inuader les Egliſes, ny attenter

1564 3052 2322 150 choſe au preiudice des Eccleſiaſtiques: & tous en ge¬

1564 3164 2325 149 neral ſe porteroient bons & obeiſſans ſuiets à la Ma¬

1567 3272 2315 152 ieſté. De ce tranſaction eſt faicte en Aouſt mille cinq

1570 3383 2306 169 cens ſoixante ſix iurce & ſignee d’vne part & d’autre,

1567 3498 1428 146 & publiee en pluſieurs endroits.

1043 2334 557 175 Edit de l'in¬

1039 2486 545 140 qu'ſition ceſſe

1036 2578 477 150 en Flandres

1036 2712 546 153 pour quelque

1033 2830 280 216 temps.

2550 321 467 178 LIVRE

1609 3602 2277 163 Cependant le Roy d’Eſpagne aduerti d’vn chan¬

1570 3730 2309 143 gement ſi eſtrange & iuſtement irrité, delibere luy¬

1561 3835 2325 146 meſme paſſer en Flandres auec telle puiſſance que la

1574 3940 2308 149 ſeurté de ſon eſtat le requeroit. Mais deſconſeillé aſ¬

1570 4048 2312 155 ſembla ſon conſeil à Madrid, où il mit en deliberation

1574 4168 2305 144 les moyens d’obuier aux troubles du païs bas. La re¬

1574 4273 2305 153 ſolution fut qu’en tel cas d’aperte rebellion il conue¬

1570 4394 2306 131 noit proceder ſeuerement & par la rigueur des armes.

1574 4493 2305 149 Reſtoit à choiſir vn chef baſtant a porter le faix des

1574 4611 2305 149 affaires, ſur quoy aucuns nommerent dom Charles

1577 4715 2296 156 d’Auſtriche, ſeul heritier maſle du Roy Catholique:

1574 4824 2293 232 mais la plus grande & ſaine partie ne trouuãt bon que
