4096 6048
520 235 1721 258 & Republique, liure v.

2533 272 235 232 152

211 477 2557 198 ſtre ſeulement comme aſſiſtans. Mais qui lit la pu¬

215 631 2557 185 blication du Pape moderne, ſemble qu’elle donne à

215 756 2560 188 entendre que les Rois & les Princes & les Ambaſſa¬

218 897 2550 184 deurs qui ſoyent gens de bien, graues & prudens y

221 1028 2557 188 peuuent auſſi dire leur opinion, comme ce ſeroit le

218 1162 2557 192 deuoir. Mais cela eſt teu & diſſimulé gentilement,

225 1296 2563 185 pour deceuoir & donner credit au Concile. Et ſem¬

221 1428 2564 188 ble que les Rois & les Princes ou leurs ambaſſa¬

221 1585 2564 165 deurs ſoyent pour y auon lleu ducelder, ec touteſ¬

225 1703 2570 178 fois ne l’auront point: & en cela ne leur ſeruira de

225 1837 2567 192 rien la prudence, la grauité, & la pieté, dõt ils pour¬

231 1972 2567 178 royent abondamment eſtre ornez, pource que telles

228 2096 2574 195 belles vertus ne ſont rien eſtimees es Conciles, ſ'il

238 2271 827 154 n’y a vne mitre.

339 2362 2459 191 Mais ores fort à propos l’occaſiõ ſe preſente d’ad¬

238 2509 2557 172 dreſſer ma parole à vous autres trente meſſieurs les

241 2644 2554 175 Reuerendiſſimes. Il eſt dict en vn voſtre liure pre¬

241 2775 2557 191 mierement imprimé à Veniſe l’an 1517, puis à Co¬

245 2906 2550 202 Ioigne l’an 1557, dont le tiltre eſt, Rituum Eccleſiaſticorũ

252 3044 2559 188 SS. Rom. Eccleſiæ libri tres, c’eſt à dire, Trois liures des

252 3178 2547 175 Ceremonies Eccleſiaſtiques de la ſacroſaincte Egli¬

248 3316 2543 188 ſe Romaine, au premier liure en la ſectiõ 14. chap.2,

262 3447 2537 185 Que pour ſtatuer & diffinir, là doibt eſtre le Pape,

258 3571 2544 202 & le ſacré Senat des Cardinaulx. Voyla les propres

262 3719 2506 195 paroles. Ie vous demande doncques, par quelle oc¬

262 3864 2543 171 caſion le Pape ne vous enuoye tous maintenant au

268 3984 2547 182 Concile auec les Patriarches, Archeueſques, Eueſ¬

275 4119 2537 188 ques & Abbez? la vous entendez que la loy y eſt: la¬

275 4263 2537 162 quelle ſi elle ne vous y mande comme Cardinaulx,

282 4398 2540 174 pour le moins elle vous y deuoit mander comme

278 4532 2551 172 Eueſques, ayans entre vous, qui eſtes ſoixante en

282 4656 2547 165 nombre, enuiron cent Eueſchez des plus riches, &

282 4791 2537 161 aux plus fameuſes citez de l’Europe, cy vn, cy deux,

288 4932 2541 175 cy trois, cy quatre ou plus. Sus donc, que reſpondez

305 5053 2517 225 vous à cela? penſez-vous qu’il ſuffiſe pour ſatisfai¬

2816 3077 507 131 des Conciles

2800 3202 587 134 cõtenus en vn

2798 3302 595 164 liure intitulé

2799 3437 588 144 Rituum Eccle

2794 3561 515 159 ſiaſticorum

2815 2909 467 212 Les ſtatuts

2819 3682 507 128 SS.Romanæ

2822 3776 561 195 Eccleſiæ lib.3.
