4096 7038
1214 410 258 217 258

1197 602 2629 215 ſte belle entrepriſe, leur donnant à entendre

1193 789 2633 200 que par ceſte nouuelle loy, il eſtoit permis ſe

1185 954 2644 199 eſleuer contre ſon Prince, & mettre la main

1193 1106 2636 215 aux armes. Bref, ledit Sieur s’aſſeuroit que

1189 1274 2640 211 s’ils eſtoyent en ce quartier là, il feroit toute

1189 1434 2644 223 diligence de les ſaiſir, afin que par ci apres

1189 1607 2640 207 ils n’abuſaſſent plus tant de pauures per¬

1189 1802 536 176 ſonnes.

1854 363 1567 258 Hiſtoire de France,

1349 1923 2480 196 Au demeurant, on l’auertiſſoit qu’en in¬

1193 2095 2640 200 ſtruiſant le proces des rebelles, il y auoit eu

1189 2263 2640 208 quelques vns d’entr’eux, qui auoyent depo¬

1193 2428 2636 203 ſe deuant les iuges, que ſon couſin le Prince

1189 2580 2637 211 de Condé, frere de luy Roy de Nauarre, e¬

1193 2756 2629 207 ſtoit de la partie, & qu’il auoit de long temps

1189 2920 2629 208 ſceu toute leur entrepriſe, leur ayant promis

1193 3077 2625 219 de preſenter leur requeſte, quand ils iroyent

1185 3241 2625 207 trouuer iceluy Seigneur. Et pource qu’il ſe

1207 3397 2611 219 douta incontinent que ces beliſtres diſoyent

1185 3577 2633 200 telle choſe, penſans prolonger leur vie, ou

1189 3734 2621 215 bien que cela leur auoit eſté donné à enten¬

1189 3894 2625 223 dre par quelqu’vn qui n’eſtoit pas plus hom

1189 4082 2629 191 me de bien qu’eux, ne luy pouuant entrer en

1189 4226 2617 207 l’entendement que ſondit couſin qui luy

1189 4387 2621 207 touchoit de ſi pres & auec tant d’obligatiõs,

1193 4555 2617 219 y deuſt iamais auoir penſe, il ne faillit incon

1189 4719 2625 215 tinent de l’enuoyer querir en ſa chambre, en

1193 4875 2621 223 la preſence de la Royne ſa mere, auquel il

1189 5039 2613 227 fit entendre ce que ces malheureux priſon¬

1181 5215 2625 215 niers auoyent dit de luy: qui l’aſſeura n’en e¬

1185 5372 2625 231 ſtre rien, & le conferma ſi fort en l’opinion

1189 5540 2609 278 que d’autres luy auoyent preſté ceſte chari¬

712 3420 464 200 Bellepipee

3626 5685 172 226 té,
