4096 5832
1111 197 1121 201 Septembre, M.D.LXIX.

2534 187 486 182 LIVRE

1480 385 2408 165 Ceſte ſi ſoudaine retraitte fut faite auec telle diligen¬

1370 528 2512 142 ce, promptitude, & bonne conduite des maiſtres de Camp,

1373 638 2518 149 qu’elle doit eſtre remarquee pour vn notable traict de

1373 745 2515 162 guerre. De fait, il y en a beaucoup qui n’euſſent iamais e¬

1367 858 2524 159 ſtimé que le remuement de tant de pieces d’Artillerie, &

1373 981 2522 149 d’vn ſi grand camp, comme eſtoit ceſtuy-cy, ſe peuſt faire

1370 1085 2518 162 ſi ſoudainement, & ſans deſordre. Qui occaſionna les Pro¬

1377 1205 2521 155 teſtans (aduertis d’vn ſi ſoudain depart) de ſe mettre à la

1377 1325 2521 149 pourſuitte, & marcher auſſi toute nuict. Si qu’ayant paſſé

1380 1441 2518 143 Ia premiere riuiere, ſans s’arreſter, ſe preſenterent au

1383 1548 2515 146 Port de Pille, (où i’ay dit qu’on auoit laiſſé bon nombre

1386 1665 2515 155 d’Infanterie Catholique, & quelques Caualliers Fran¬

1393 1798 2505 146 çois) pour paſſer la Creuſe, & attaquer le gros de l’armee

1390 1908 602 142 Catholique.

1500 2005 2401 159 Mais les coureurs trouuerent les barrieres du village ſi

1386 2131 2518 149 bien fermees, & pourueuës de tant de harquebuziers:que

1383 2248 2525 152 iugeans bien ce nombre ne pouuoir eſtre forcé par ſi petit

1390 2371 2511 136 nombre de gens, retournerent pour aduertir l’Amiral,

1399 2478 2509 149 que ſon Excellence luy deffendroit le paſſage: lequel

1390 2595 2514 152 bien aſſeuré par les auantcoureurs, du lieu, & du ſit d’ice¬

1390 2711 2514 149 luy, qu’il n’y auoit en tous ces quartiers aucun paſſage

1396 2822 2508 165 qui fuſt ſi commode, ſe reſolut de le gaigner, fuſt par for¬

1399 2951 2509 143 ce ou autrement. Et pource enuoya quelques Regiments

1399 3061 2505 146 de harquebuziers pour y attaquer chaudement l’eſcar¬

1406 3175 2495 146 mouche, & enfoncer ſi poſſible eſtoit. Pour les ſouſtenir

1403 3288 2501 149 fiſt commandement à Briquemaut, & Beauuois la Nocle,

1416 3402 2488 155 (duquel la Serree conduiſoit la troupe) d’y mener leurs

1406 3521 2498 149 Cornettes, afin que s’ils voyoyent quelques auenues pro¬

1406 3638 2502 146 pres pour y entrer, ou quelqu’autre commodité de leur

1406 3755 2498 152 faire quitter la place qu’ils ne s’y eſpargnaſſent. Soubize,

1409 3868 2505 156 & ſa compagnie de Poiteuins, auecques quelques autres

1412 3981 2496 150 Cornettes, marcherent apres, pour entreprendre ſi quel¬

1412 4101 2505 133 qu’autre occaſion ſe preſentoit, les aſſeurant de pouruoir

1412 4208 2502 166 à tout ce qui ſuruiendroit auec tout le reſte de l’Auant¬

1425 4351 318 139 garde.

1526 4435 2395 152 Les deux premieres Cornettes ne faillirent de donner

1419 4542 2502 165 bruſquement dedans la premiere teſte des gens de pied,

1435 4668 2486 221 qu’ils trouuerent aſſez negligemment ſerrez, où ils en
