4096 5332
1016 136 474 216 M. B. LxX.

2480 154 386 162 LIVRE

1517 242 2291 175 te piſtolliers pour charger monſieur de Gordes à ſa ve¬

1523 373 2294 160 nue. Puis reſolu de les ſouſtenir auec le reſte de ſes for¬

1523 485 2270 151 ces, attendit la charge vn peu plus bas vers le Roſne.

1535 586 2267 169 Voicy les forces des vns & des autres, l’ordre & diſpo¬

1520 702 978 151 ſition de leurs troupes.

1668 808 2137 160 Mombrun auec Luſan Lieutenant de la compagnie

1517 915 2276 157 de ſainct Romain, ſe veit enuiron ſix vingts piſtolliers

1514 1039 2288 145 & cinq enſeignes de harquebuziers ſouz la charge du

1506 1140 2293 157 Capitaine pied gros & autres, auſquels il commanda

1506 1250 2293 154 l’ordre que deſſus. Monſieur de Gordes fut à l’iuſtant

1508 1362 2285 142 auerty du paſſage: mais iugeant cela tenir de l’impoſ¬

1496 1475 2291 142 ſible, ne feit autrement compte du premier auis, aſſeu¬

1490 1578 2297 140 ré de ces forces, & du deuoir qu’il eſperoit aux Frega¬

1490 1691 2279 142 tes, ſi bien pourueues & equippees cõme elles eſtoyent,

1481 1798 2309 136 iuſques à ce que vint le troiſieſme ſur le ſecond meſſa¬

1487 1910 2303 145 ge confirmer le premier bruit, fait tenir preſts tous les

1478 2023 2312 142 ſiens, qui deuoyent eſtre cinquante lances des ordon¬

1475 2129 2312 145 nances de ſa Maieſté, cent cheuaux legiers, & bien

1478 2236 2309 151 cent cinquante harquebuziers. Cependant il donne

1473 2349 2305 154 charge à du Rouſſet, Lieutenant de ſa compagnie, d’y

1475 2455 2297 148 mener quinze ou vingt ſalades, pour les recongnoiſtre,

1473 2562 2311 151 & entreprendre ſur eux à la faueur de l’occaſion. A l’in¬

1473 2677 2305 140 ſtant Mombrun en fut aduerty par le ſignal de ſainct

1473 2784 2305 148 Romain: occaſion qu’il diſpoſe les ſiens à la rencon¬

1467 2894 2308 148 tre, cependant que ſainct Ange trauailloit à toute ha¬

1467 2994 2308 166 leine pour auancer les defenſes du fort. Voicy l’ordre

1470 3107 1704 160 & diſpoſition que prindrent ces troupes.

1558 3225 2200 146 Le Capitaine pied gros ſuiuy de ces harquebuziers,

1466 3329 2301 148 print place parmy les arbres & ſaulſayes, que ie vous

1464 3436 2300 154 ay remarqué: ſ'aſſeurant que les premiers Catholiques

1458 3551 2300 151 gliſſeroyent deuant luy pour aller enfoncer Mombrun,

1464 3670 2303 139 lequel (accompagné de la caualerie) ſe campa plus bas

1464 3764 2297 152 vers le Roſne, deuancé par vne teſte de piſtolliers aſſeu¬

1455 3877 2300 151 rez, qu’il auoit iettez plus haut vers l’Oriol, pour pren¬

1455 3990 2300 136 dre la premiere charge, ſouz la faueur des harquebu¬

1452 4090 2303 163 ziers, qui leur deuoyent eſclarcir les rangs des Catholi¬

1461 4215 1612 142 ques, qui premiers yroient à la charge.

1615 4324 2137 137 Monſieur de Gordes au ſemblable, auança quel¬

1448 4422 2304 151 ques ſalades & cheuaux legiers, conduits par du Rouſ¬

1444 4532 2293 198 ſet, pour la premiere pointe: leſquels fauoriſez de cens

1001 1140 515 148 Forces Prote¬

989 1264 532 134 ſtantes, & la

992 1377 445 172 diſpoſition

992 1495 335 205 d'icelles.

960 3208 548 148 Forces Catho

948 3332 514 145 liques et di¬

945 3439 511 142 ſpoſition d’i¬

957 3548 261 205 celles.

1004 4318 480 122 Rencontre,

945 4419 503 148 la charge &

960 4535 385 198 nictoire.
