4096 6286
1010 380 996 203 DIXSEPTIEME.

2635 467 192 161 477

178 513 2677 220 de de faite paſſer l'eau qui luy eſtoit premiere ſur la

171 698 2691 168 chauſſée de l’eſtang aux plus aſſeurez harqubuziers qui

178 831 2677 160 y fuſſent, pour gaigner l’entredeux de ces ruiſſeaux, &

167 956 2681 168 les barrieres du Capitaine ſainct Iean. Et ſemblable¬

167 1093 2688 157 ment ordonna que la Valette, auec nombre de cauale¬

157 1211 2691 175 rie les ſouſtint. Ces Chefs pour gaigner plus aſſeuré¬

160 1344 2688 150 ment les barrieres proteſtantes, menerent auec eux.

171 1477 2673 153 (outre l’infanterie qui marchoit deuant, & ia com¬

157 1602 2687 161 mençoit l’eſcarmouche) vne cornette d’harquebuziers

160 1735 2681 143 à cheual: auſquels ( voyant que l’infanterie ne ſ'auan¬

160 1861 2677 164 çoit ſi heureuſement qu’ils penſoient) ils feirent met¬

160 2015 2674 150 tre pied à terre, pour gaigner le deuant & enfoncer les

160 2123 577 157 harrieres.

335 2238 2502 164 Comme cela ſ'executoit, l’Amiral commãda au ca¬

153 2371 2677 178 pitaine Piles d’eſlire de ſoixante à quatre vingts ſala¬

153 2507 2670 178 des, pour recognoiſtre les Catholiques au plus pres

153 2640 2674 167 qu’il pourroit, & ſelon qu’il verroit ſon bon les char¬

153 2765 2674 168 ger. Cõme il ſ'y acheminoit, les harquebuziers du Ma¬

143 2888 2680 178 reſchal de Coſſé paſſerent le ruiſſeau, & d’vn pas aſſeu¬

143 3027 2687 168 ré donnerent iuſques dedans les barrieres de la garde

146 3149 2684 175 du moulin: & apres auoir fait quitter quelques buiſ¬

146 3275 2677 178 ſons & tranchées dont les Proteſtãs ſe paroient, les Ca

139 3408 2688 182 rholiques ſ'auançoient & eſtoient preſts d’y entrer, ſi

150 3537 2677 182 par le commandement du Capitaine ſainct Iean, peu

143 3673 2680 168 moins de quarante eſleuz, ſortis du fort, encouragez

153 3799 2674 175 pour la preſence de la caualerie, ne ſe fuſſent preſentez

150 3928 2673 178 à eux: ſur leſquels les Proteſtans deſchargerent ſi ru¬

153 4057 2670 182 dement, que faiſant contenance de paſſer outre pour

150 4183 2666 178 les enfoncer.les arreſterẽt ſur cul, auec l’aide de vingt-

153 4319 2667 175 cinq ou trente autres harquebuziers, qui ( muſſez de¬

153 4445 2677 168 dans vn long foſſé qui eſtoit deuãt le moulin) tiroient

160 4567 2663 185 d’vne grande aſſeurance deſſus eux: meſmemẽt pour ſe

164 4700 2649 175 voir ſouuent rafraiſchis par ſainct Iean. Les vns tom¬

160 4822 2660 189 bans deçà, les autres delà, aucuns clochoiẽt, & pluſieurs

153 4948 2656 189 ſ'en retournoient tellement bleſſez qu’ils en maudiſ¬

157 5088 2659 178 ſoient l’heure. En fin les Catholiques commençoient

153 5210 2639 195 à quitter le party & ſe retirer au grand pas, quãd ils ap¬

160 5346 2653 175 perceurent leurs hors de caualerie qui les vouloit en¬

157 5468 2659 189 courager de pourſuyure & faire mieux: mais pres de

157 5598 2656 247 deux cens harquebuziers rebelles ſortirent des bar¬
