1484 2071
430 157 233 51 LIVRTVI.

891 164 57 54 329

157 184 796 77 d’enuahir l’Angleterre, ſpecimement par la voye d’Eſ¬

157 232 795 69 coſſe ſous couleur de vouloir chaſtier quelques gẽs que

161 269 791 69 I’on pretendoit eſtre rebelles. Diſant que pour preuenir

160 306 793 70 telles ſurpriſes elle auoit eſté contrainte ſe munir de

158 346 792 62 grandes forces. Toutesfois conſiderant la grande diuer¬

156 384 796 69 ſité d’opinions & paroles qui en pouuolent ſourdre, elle

158 421 791 71 auoit trouué expedient de declarer par eſcrit ſa delibe¬

157 462 792 66 ration & les iuſtes occaſions qui la contraignoient de

157 497 397 58 ce faire par l’eſcrit qui ſuit.

187 536 752 70 Combien que ce foit choſe toute notoire & arreſtee,

160 581 783 67 non ſeuſement aux luiets naturellement cõſtituez ſou¬

156 614 786 67 Ia couronne d’Angleterre: mais encores à pluſieurs au¬

157 653 785 67 tres nations eſtrangeres, de toutes parties de la Chre¬

155 685 789 74 ſtienté, combien de grandes occaſions ont eſté depuis

158 728 779 67 quelques temps en ça, par les François donnees & con¬

154 765 797 71 tinuees à craindre leur inuaſion ſur ce royaume, prin¬

156 804 790 69 cipalement par la voye d’Eſcoſſe. Et auſſi à mettre en

156 842 790 65 ordre, appreſts de forces conuenables, pour y reſi¬

153 874 797 74 ſter en toute diligence par le meſme chemin d’Eſcoſ¬

154 915 771 69 ſe. Ce nonobſtant la Maieſté de la Roine conſide

154 952 787 78 rant en ceſt endroit la grande diuerſité d’opinions qui

155 994 786 67 pourront ſourdre entre les gens ſur ceſt affaire: a bien

156 1037 786 64 vould d a touue bon, briefuement & apertement met¬

153 1068 794 69 tre deuãt le monde & publier ſa deliberatiõ, & les iuſtes

153 1105 793 80 cauſes d’icelle. En premier lieu, ſa Maieſté, de ſa debon¬

154 1147 788 69 naire & gracieuſe nature, s’eſt contentee de croire: que

151 1185 789 66 le titre iniurieuſement pretendu en ce royaume, par la

151 1220 789 71 Roine d’Eſcoſſe, en tant de ſortes: n’eſt venu d’ailleurs,

151 1262 786 64 que de l’ambitieuſe volonté des principaux de la mai¬

148 1303 787 67 ſon de ceux de Guyſe. Leſquels depuis n’agueres ſe ſont

148 1336 789 65 emparez du gouuernement de la couronne de Fran¬

148 1376 786 66 ce. Et ne peut ſa Maieſté auſſi croire, que ny le Roy, (n’e¬

147 1417 786 62 ſtant à l’occaſion de ſes ieunes ans capable de telles en¬

147 1452 786 69 treprinſes: ny encor la Roine d’Eſcoſſe eſtant auſſi en

146 1489 787 72 ſa minorité) ny auſſi les Princes du ſang Royal & au¬

145 1530 788 65 tres eſtats de France, à qui par le paſſé appartenoit &

145 1565 786 72 deuroit appartenir le gouuernement des affaires d’i¬

143 1606 790 69 celuy royaume, durant la minorité du Roy: ont d’eux

141 1642 793 72 meſmes imaginé ou deliberé vne tant iniuſte, deſrai¬

141 1684 792 67 ſonnable, & dangereuſe entreprinſe que ceſte-cy. Cõme

140 1721 792 85 elle aparoiſt à toute perſonne de bon &indifferẽt iuge¬

267 1764 123 58 Tome r.

742 1773 85 67 TT.i.

949 520 129 67 Dectaratis

947 597 132 26 d’ElMabet

941 632 140 19 MoimaIn

942 642 136 44 gleterre jur

948 674 127 48 l'entretien

942 707 137 45 de la paix

945 735 136 48 qu'elle a fai

946 774 132 35 te auec les

944 799 134 42 Rois deFrã

947 833 129 46 ce & d’Eſ¬

947 864 129 43 coſſe enſen¬

941 898 135 45 ble les moy

941 929 126 39 ent qu’elle

939 952 136 52 donne à la

942 989 121 44 ſeureté de

943 1019 119 45 ſon royau¬

943 1060 131 38 me contre

937 1093 138 40 di diſſeins

942 1114 133 44 de ſes voi¬

934 1143 138 46 fini enue¬

940 1181 100 43 mis 24.

941 1212 74 38 Mari

941 1246 59 49 1559.
