4256 6696
1235 52 1235 249 SIXTEME.

3136 104 249 256 335

412 286 2988 238 riers, & leur conqueſte: afin auſſi de leur cou¬

431 479 2973 201 per chemin, s’ils vouloyent retourner en Poi¬

438 647 2966 212 tou, & Guyenne, qui eſtoyent leur ordinaire de¬

441 814 508 201 meure.

453 956 2951 212 Ce qu’apperceu par eux,partirent de Faye la

446 1145 2965 175 Vineuſe, auec feinte de vouloir aller du conte de

438 1275 2966 209 Chaſtelleraut, & vindrent loger pres Mirebeau.

438 1435 2966 190 Mais Monſieur ſe doubtant bien de leur deſſein,

450 1607 2965 189 au lieu de les ſuyure, marcha aux auants, droit à

450 1763 2965 201 Mirebeau, en eſperance de les rencontrer à la

453 1923 2954 193 trauerſe. Ce qui aduint: cat ſur les deux heures

465 2101 2953 183 apres midy, Biron Mareſchal de camp, manda

465 2239 2957 197 qu’il auoit deſcouuert leurs coureurs, & qu’il

468 2399 2958 197 penſoit qu’ils allaſſent droit à Moncoutour, ou

472 2559 2939 204 paſſer la riuiere de la Diue, riuiere peu gueable,

461 2719 2957 201 bien que ſoit de petite largeur. Qui fut occaſion

472 2883 2950 204 aux Chefs de l’armée, de ſe preparer pour la bat¬

472 3042 1782 216 taille, qui s’en eſt enſuyuie.

487 3351 2913 216 LE treizieme iour de ce mois de Septembre,

476 3515 2928 208 mil cinq cents ſoixante & neuf, la Cour de Par¬

476 3679 2928 212 lement de Paris, à la requeſte de Bourdin, Pro¬

483 3853 2935 194 cureur general du Roy, par arreſt condamne

476 4010 2939 193 l’Almiral à mort, comme attaint & conuaincu

468 4162 2958 209 de rebellion, & crime de leſe Maieſté. Et le meſ¬

483 4330 2065 197 me iour fut executé par figure.

643 4475 2798 215 Par ceſt arreſt donné contre Gaſpard de Col¬

491 4635 2953 208 ligny, cy deuant ſieur de Chaſtillon, Cheuallier

498 4795 2946 193 de l’Ordre du Roy, & Almiral de France: Eſt or¬

487 4962 2965 201 donné, que celuy ou ceux qui repreſenteront le¬

494 5118 2958 201 dit ſieur de Colligny, au Roy, ou à luſtice, ſeroit

494 5282 2954 193 donné & deliuré la ſomme de cinquãte mil eſcus

498 5438 2954 205 d’or ſol, à prendre ſur l’hoſtel de ceſte ville de

498 5594 2950 298 Paris, & autres villes de ce Royaume. Et encores

3448 3262 536 231 Arreſt de

3456 3459 528 164 mort du

3459 3664 532 126 Parlemẽt

3459 3768 532 197 de Paris,

3456 3950 539 168 contre l'¬

3463 4088 528 242 Almiral.
