4096 5976
2328 315 605 196 LIVRE

1401 464 2479 180 me ces Lieutenans s’empeſchoyẽt à la conduite de l'ar¬

1405 617 2475 156 mee Turqueſque par le Draue & Saué, pour la ietter ſur

1408 723 2472 160 le Danube? Le froid fut ſi grand que le Danube glacé ar¬

1408 843 2472 149 reſta tous les vaiſſeaux, & fallut en fin retourner auec

1405 966 2475 142 leur courte honte. Ya-il Empereur qui nous fourniſſe

1401 1072 2485 153 de plus beaux exemples que Charles cinquieme, d’Auſtri

1408 1185 2475 146 che? ſur les variables faits duquel à peine pourriez vous

1401 1294 2482 153 iuger, laquelle de Vertu & Fortune a gaigné le deſſus: ne

1408 1407 2472 150 meſme ſi la Fortune ſe monſtra pour vn temps plus cour

1398 1517 2488 159 toiſe & gratieuſe, que ſur le declin de ſes iours plus reueſ¬

1401 1633 2479 149 che maraſtre, & coniuree ennemie de tous ſes deſſeins.

1405 1743 2471 156 Sa honteuſe entrepinſe de Mets, deuant laquelle (forcé,

1401 1855 2482 163 tant de l’Hyuer, que des courſes Françoiſes) il laiſſa tant

1411 1978 2475 153 de milliers de poures corps, luy fut-elle plus ignominieu

1391 2081 2485 163 ſe, & de luymeſme prinſe à plus grand creuecœur, que

1395 2197 2488 163 Ie malheureux voyage d’Algier, où il conduit vne ſi gran¬

1398 2317 2475 156 de armee, à la ruine de deux tiers de toutes ſes troupes:

1395 2430 2481 159 leſquelles d’vn eſpoir incõſideré auoyent ia deuoré l’en¬

1395 2549 2488 150 tiere Seigneurie des Afriquains, ſi la mer qui en deuint

1385 2652 2491 163 plus haute & ſuperbe, n’euſt à l’inſtant chaſtié l’orgueil

1398 2775 2482 156 de l’armee Chreſtienne? Ie ne nie pourtant que l’occaſiõ

1391 2888 2485 146 ne ſe puiſſe preſenter telle qu’il faudra au General bien

1391 3004 2489 150 auiſé, d’entretenir vn ſiege tout l’Hyuer. Cõme meſmes

1401 3120 2475 136 ont fait les Romains: voire de conduire vne armee par

1395 3227 2475 156 tẽps fort mauuais & dãgereux. En quoy il faut deſirer v¬

1371 3346 2505 143 ne grãde diſcretiõ au Chef, ſi la neceſsité ne l’y force, cõ¬

1391 3466 2485 149 me en ces guerres dernieres: autrement c’eſt ſe mõſtrer

1385 3572 2491 153 du toutignorant au fait des armes, voire incapable de

1391 3685 2485 149 toute diſcipline militaire: l’ignorance de laquelle fait

1401 3801 2475 149 que pluſieurs Chefs & ſoldats aiment autant combatre

1388 3920 2492 150 l’Hyuer qu’en autre temps. Car ils ne cognoiſſent le mal

1405 4030 2468 149 qui leur vient de ne loger ſerrez & vnis. Ioint que ce ne

1378 4146 2495 150 leur eſt deſplaiſir de n’obſeruer la diſcipline rigoureuſe

1388 4256 2485 146 qu’ils n’ont apprins. Qui voudra donc que la vertu, que

1375 4359 2491 159 la diſcipline, l’ordre, l’obeiſſance, la force meſmes ne luy

1378 4475 2495 159 profite de rien, & manque à tous ſes gens: Somme, qui

1381 4598 2495 152 voudra bien toſt ruiner vne belle armee, face la guerre

1385 4704 2495 159 l’Hyuer en la campagne. Et pource que les Romains ne

1378 4814 2492 159 ſe ſont iamais tant preualus de forces, que de leur art &

1385 4930 2488 225 induſtrie, voulans que tout ce à quoy ils appliquoyene

3664 5039 212 213 leur
