1484 2071
445 126 257 45 LIVRE VII.

906 118 49 55 541

173 180 794 31 ſus, les auties quatre vn chacun dſitinctement relpon¬

176 202 792 54 dirẽt, qu’ils s’accordoient à ceſt eſcrit entierement: & ne

174 242 794 50 croioient ny enſeignoient autrement. Ce nonobſtant

174 277 796 49 Deſpenſe & pluſieurs autres apres luy, inſiſtans ſur ces

177 316 792 53 mots, pro mea parte, c’eſt à dire pour ma part, concluoient

177 352 793 57 par là que les miniſtres n’eſtoi ent non plus d’accord en¬

177 392 793 53 tr’eux, que les Prelats. Comme ſi ces mots (in vſu Cena

177 429 792 50 & in cœlo, c’eſt à dire, en l’vſage de la Cene & au ciel) e¬

174 476 797 39 ſtoient contrarians. Lelendemain dernier de Septembre

176 509 793 51 les meſmes perſonnages, ſeuls aſſemblez au meſme lieu,

176 546 795 52 à S. Germain: Salignac au lieu de diſputer, preſenta vn

178 584 790 48 vieil liure Grec, eſcrit à la main, contenant certains ſer¬

174 622 796 49 mons catechetiques, attribuez à Gyrille Eueſque de Ie¬

174 659 796 53 ruſalem. En l’vn deſquels, aſſauoir au 3. appellé Miſtago¬

178 697 791 54 gique, il eſt dit, que le pain de l’Euchariſtie, apres l’inuo¬

177 736 794 54 cation du S. Eſprit, n’eſt pain commun, mais le corps de

178 776 795 47 Chriſt. Aquoy Martyr reſpõdit, que par les mots de ceſt

178 815 795 46 Eueſque quel qu’il fuſt: ſe peuſt euidemment confuter

179 850 793 48 l'opinion, rant de ceux qui diſent que la ſubſtãce du pain,

179 890 794 47 deuient la ſubſtance du corps de Chriſt: que de ceux qui

178 927 794 45 veulent que ces 2. ſubſtances ſoient cõcurrentes reelle¬

177 961 797 50 ment en la Cene. Car s’il euſt creu la tranſubſtantiatiõ,

178 1003 796 50 il n’euſt pas dit que ce pain n’eſt plus pain commũ: mais

178 1043 795 50 ſimplement que ce pain, n’eſt plus pain: & s’il euſt creu la

180 1081 791 52 conſubſtantiation, il euſt dit, que ce pain commũ deue¬

178 1119 797 51 noit Sacrement auec le corps du Seigneur. Et pourtant

179 1157 796 49 il conſtoit, qu’il auoit oppoſé au pain commun, le pain

178 1197 797 51 qu’il appelle le corps de Chriſt, pource qu’il en eſt le vray

178 1239 800 43 Sacrement: mais ne s’enſuit pas que le corps ſoit preſent

179 1271 800 50 là ou eſt le Sacrement. Sur cela il ne fut aucunement diſ¬

178 1309 802 53 puté, ny par eſcriture ny par authorité d’aucun docteur:

179 1349 804 48 mais inſiſtoient ſeulement les docteurs à trouuer quel¬

179 1388 803 45 que formulaire, qui peuſt contenter les vns & les au¬

181 1424 803 47 tres, ſans vuider la mariere. Surquoy leur fut propoſé

179 1464 805 47 mot à mot ce qui s’enſuit, par les miniſtres. Entant que

178 1500 807 47 la foy nous rend preſentes les choſes promiſes, & que

179 1539 805 52 ceſte foy prend tres-veritablement le corps & le ſang

177 1576 807 46 de noſtre Seigneur Ieſus-Chriſt, par la vertu du S. Eſ¬

179 1617 808 51 prit: en ceſt eſgart nous confeſſons la preſence du corps

177 1652 811 53 & du ſang d’iceluy en la ſainte Cene, en laquelle il nous

177 1694 810 54 preſente, donne & exhibe veritablement, la ſubſtance

976 961 128 50 Τναααςα

975 1005 91 48 tiati¬
