1109 1986
18 147 121 50 1561

321 131 205 48 Eiur. P.

755 105 78 80 745

15 207 831 41 tree dedans, au veu & ſceu de tout le peuple, il y tiouua

19 219 818 67 ni hommes ni fẽmes. Par ainſi s’eſuanouït ceſte ſedition

19 257 816 68 pourchaſſee par l’Eueſque & les ſiens, ſans aucune effu¬

19 296 817 65 ſion de ſang, horſmis qu’vn certain ieune clerc du greffe

20 335 816 63 ſe trouuãt à la porte du logis où il auoit eſté enuoyé ex¬

22 377 816 63 preſſement & de bon matin par vn aduocat ſien parẽt &

24 413 811 69 grand ennemi de ceux de la religion, pour eſpier & re¬

22 454 817 64 marquer ceux qui entreroient en ceſte maiſon ou qui en

19 490 819 68 ſortiroient, y fut vilainemẽt bleſſé, foulé aux pieds, trai¬

25 527 815 71 né par les bouës, & volé de ſes habillemens, quelque de¬

25 567 815 67 uoir qu’il fiſt de iurer qu’il eſtoit des leurs, & qu’il auoit

26 606 815 68 ce iour là ouï la meſſe inuoquant la vierge Marie & tous

27 653 478 56 les ſaincts & ſainctes de Paradis.

64 685 776 60 CE nonobſtant l’Eueſque & ſon clergé, combien que

28 727 813 61 leur conſpiration euſt eſté renuerſee, ne deſiſterẽt pour

27 774 814 53 cela, ains s’aſſemblans auec quelques vns des Eſcheuins

30 801 815 64 & Conſeillers, & autres des plus apparens de la ville, au

30 839 814 60 deſceu des Eſcheuins & conſeillers qui eſtoient de la re¬

33 878 812 67 ligion, & pour preuenir l’accuſation qui ſe pouuoit faire

32 919 815 62 contr’eux enuers ledit ſieur Duc qui eſtoit pour lors en

35 955 810 67 Cour, y depeſcherent en poſte vn gentilhomme, tãt pour

37 995 808 65 coulourer leur faict, que pour accuſer ceux de la religiõ

37 1032 812 66 reformee: & eut tel poids ceſte fauſſe accuſariõ, que ledit

37 1072 811 66 ſeigneur Duc commanda audit ſieur de Giry Lieutenãt

36 1111 813 66 de ſa compagnie de ſe rendre incontinent en ſa ville de

39 1152 810 62 Neuers auec telles forces qu’il verroit eſtre de beſoin,

39 1188 811 67 afin de pouruoir aux troubles auenus. Eſtant donc Gi¬

39 1231 813 63 ry arriué le 7. Iuin, apres auoir vſé de grandes menaces

40 1268 812 62 enuers les principaux de la religiõ, il feit publier par l’a¬

43 1306 811 66 uis de l’Eueſque & de ſes adherẽs vne proceſſiõ genera¬

44 1343 808 63 le & du tout extraordinaire, auec commandemẽt à cha¬

43 1383 811 59 cun de s’y trouuer en deuotion ſous peine de la hard.E¬

45 1419 812 69 ſtant donc le iour venu & la proceſſion faite, il fut aiſe à

45 1459 811 64 deſcouurir ceux qui n’y auoient aſſiſté, és maiſons deſ¬

46 1499 812 64 quels Giry s’eſtant tranſporté auec main forte, ſe ſai¬

46 1541 810 62 ſit des armes qu’il y trouua, menaça & adiourna en per¬

47 1576 811 63 ſonne au lundi 9. dudit mois, ceux qui s’eſtoient abſen¬

48 1617 813 64 tés, empriſonna ceux qu’il trouua, les interroguant de

49 1659 813 61 leur foy, & non de la ſedition aduenue, & contraignit

48 1694 816 81 meſmes quelques vns d’abiurer. Cependant ceux de la
