4096 6500
447 498 2778 170 ſien le prenant en amitié, l’auança comme dict eſt, & Pepin le continua en ſa char¬

455 613 2774 141 ge, & luy pratiqua le mariage ſusdict: & voila quant à ceſt incident de celle annee,

451 718 2778 116 lequel je mets tant plus volontiers en auant, comme i’en voy la recerche en eſtre ne¬

451 787 2778 130 ceſſaire. I’ay dit cy deſſus quel hyuer feit en Conſtantinople, & par toute l’Europe

451 877 2778 137 l’an ſept cens ſoixante & quatre: or en l’an ſept cens ſoixante & cinq, au moys de

451 975 2781 122 Mars on veit, & cecy apparemment en plein midy les eſtoiles ſembler choir du Ciel

444 1045 2785 141 en ſi grand nombre, que tout le monde eſtimoit que la fin de toute choſe deut bien

451 1151 2770 127 toſt aduenir. Et ce fut en celle ſaiſon que ceſte vermine abominable de Tures ſortit

451 1238 2760 119 de ſes cachots & d’entre les Vallons enclos par les portes Caſpies, ſe ruants ſur les

451 1321 2738 141 Iberiens, Albaniens, & Georgians, & ſe ſaiſiſſans de la plus-part de l’Armenie, laquel

444 1402 2763 147 le peu auparauant auoit ſenty la main des Arabes Mahometans, & à ceſte-fois elle eſt

444 1495 2768 146 rauagee par les Turcs idolatres & les plus ſales, & barbares peuples de tout le Leuant.

444 1581 2763 146 Contre leſquels allant Habdallas Admiral de Leuant ſur les Sarraſins, eut bataille, y

444 1668 2758 157 mourans pluſieurs de toutes parts, mais les Tures furent repouſſez, & les Sarraſins

449 1760 2758 135 demeurerẽt paiſibles poſſeſſeurs de l’Armenie:aduenãt cecy l’an quinziéme du regne

455 1841 2730 141 de Pepin:le vingt-quatriéme de l’Empire de Conſtantin Copronyme, ſeant à Rome

449 1933 2758 152 Paul premier du nom, & regnant Phroille ſur les Chreſtiens en Eſpaigne, & Alrede

455 2029 1744 137 commandant ſur les Anglois en la grande Bretaigne.

1018 2665 2189 119 N l’an de noſtre ſalut ſept cens ſoixante ſix, le Roy Pepin partant

1029 2740 2183 125 d’Aix ſ'en vint droit à Orleans tenir ſon Parlement, & aſſemblee

1029 2816 2183 141 du grand conſeil de France pour les affaires d’Aquitaine, la choſe

1024 2908 2188 136 luy touchant fort au cœur, & deſirant d’extirper les reliques du

1024 3000 2188 130 ſang d’Eude: voyant bien que tant qu’il y en auroit vn en vie, que

1036 3112 2157 112 jamais les Roys des François ne iouiroyent en repos de l’Aqui¬

1040 3203 2181 93 taine. Or vous ay-je dit cy deſſus que Guaifer ſ'en allant en Gaſcoi¬

465 3282 2756 112 gne apres que Pepin eut deffait ſes troupes, bruſla & demolit pluſieurs villes, & cha¬

465 3358 2760 119 ſteaux en lieu de les fortifier, entre leſquels furent pluſieurs places de Berry: ce qui

465 3445 2764 140 fut cauſe que Pepin ayant finy ſon parlement vint au pays Berruyer, meit garniſons à

465 3537 2753 135 Bourges Capitale de la Prouince, & rempara & mit ſus la ville d’Argenton aſſiſe ſur

465 3629 2747 130 la Creuſe & appellee par les anciens Argento-Magus pour marque de ſa grande an¬

465 3712 2738 133 tiquité, qui eſt des plus vieilles (encore que Ceſar ne face compte d’elle en ſes com¬

465 3807 2758 130 mentaires) l’ayant fortifiee y mit bonne, & ſeure garniſon pour empeſcher les cour¬

465 3894 2753 119 ſes de ceux qui tenoyent encor' le party du Guiennoys,& pour tenir le peuple en bri¬

465 3981 2867 130 de, qui ne pouuoit ſe ſoumettre que par force aux François: ioint que le Lymoſin, m.

476 4073 2771 112 & Perigort auoiſinans ſes limites, eſtoyent encor' pour la plus-part à la deuotion de

480 4160 2770 126 Vaifer, lequel ce pendant ſe preparoit à la guerre voyant que Pepin ne le laiſſeroit

471 4246 2752 125 onc en repos. Auſſi auant que Pepin ſe retiraſt il ſe feit maiſtre de tout le Berry,

471 4322 2752 146 courut la Marche Lymoſine, y prit pluſieurs villes & Chaſteaux, fortifiant les vns,

476 4420 2720 119 & abbatant les autres, ſans que jamais Guaifer ſe monſtraſt en campaigne, luy ſem

476 4506 2747 141 blant bien aduis qu’il faiſoit aſſez de ſe deffendre de la là Garonne; car de ce qui eſt

476 4615 2742 111 deça, il n’en faiſoit pas guere grand eſtat, eu eſgard aux forces de ſon aduerſaire,

476 4705 2749 97 ioint que le pays commençoit à ſe faſcher d’eſtre ſi ſouuent inquieté pour def¬

473 4791 2759 127 fendre l’opiniaſtriſe de ce Prince refuſant d’obeir aux François, ſous le ioug duquel

469 4864 1109 137 flechiſſoyent tant de Prouinces.

3062 404 163 148 147

3250 938 242 134 Eſtrange

3223 1023 271 136 preſage Tã

3225 1126 141 116 765.

3221 1263 279 141 rurcs ſir¬

3214 1375 246 101 tent des

3207 1424 287 119 monts ca¬

3212 1505 282 120 pies cõtre

3207 1576 287 146 les Arme

3207 1662 276 114 niens &

3223 1733 244 130 larraſins.

3203 1823 289 108 Foy les An

3211 1942 238 58 nales de

3207 1960 249 157 conſtant.

3193 2058 227 152 liu.22.

3202 2589 249 189 Tæ gpe

3218 2735 265 141 censſoirã¬

3212 2827 174 125 te-ſix.

3218 2870 265 152 Parlemens

3212 2984 277 119 fenu à or¬

3214 3069 163 108 leans.

3234 3417 260 163 rilles de

3218 3531 282 125 Berry remi

3207 3607 293 119 ſe és mains

3221 3701 257 112 de Pepin.

3229 3777 271 104 Argenten

3218 3829 282 119 ſur Creuſe

3212 3905 293 146 ville ancis

577 4950 2655 134 Pepin eſtant Prince fort religieux aduerty du ſchiſme eſmeu entre les Egliſes

473 5048 2759 119 d’Orient, & d’Occident ſur le fait de la religion:la Grecque errant en pluſieurs cho¬

460 5129 2763 125 ſes, & ſur tout au myſtere de la ſaincte & ineffable Trinité, ne receuant la proceſ¬

460 5210 2752 130 ſion du Sainct Eſprit du Pere & du Fils ſuyuant la foy du Concile ſacré de Nicee, &

460 5297 2747 135 la plus-part des Eueſques Grecs eſtans ou Monothelites, ou Monophyſiques, ou bri¬

460 5389 2742 195 ſe-images: ſçachant l’impieté de l’Empereur, & de quelle cruauté il vſoit enuer

3218 4257 276 130 Marche Li

3223 4349 271 119 mofine pri

3212 4436 282 146 ſe par fe¬

3223 4522 109 152 pir.

3223 5124 277 124 Grecs dimi

3218 5205 276 135 fezen fa¬

3218 5286 276 136 ctieuſes e¬

3223 5373 217 135 Pinions.

2741 5506 282 163 D d iij

1170 350 1177 188 PEPIN. LIVRE II.

935 2206 1846 144 Des derniers gestes du Roy Pepin tant en Aquitaine

1311 2311 1036 166 qu'ailleur, iuſques à ſon decez.

1462 2466 770 134 CHAP. IIII.
