1233 2103
164 94 608 52 BESCHRONIQVES.

846 102 52 46 313

101 136 805 55 deux couſins Heliogabale & Alexandre ne ſe reſem¬

101 182 807 50 blerent nullement. Le nom de Heliogabale eſt prins

100 217 806 52 d’vne idole, de laquelle ce fils de Soęmis fut ſacrifica¬

100 258 804 50 teur. Il y auoit vne ville en Phenice nommee Gebal,

100 296 806 50 fort renommee pour les braues ouuriers de diuers me¬

99 336 810 49 ſtiers qui y demeuroient. De là i’eſtime qu’a prins ſon

99 373 810 53 nom l’idole qui y eſtoit adoree, & l’appelloit-on El¬

101 411 808 51 Gebal, c’eſt à dire le Dieu de Gebal. Puis apres les Grecs

99 450 810 54 changerent le mot El en Helios qui ſignifie Soleil. Peut

98 489 811 53 eſtre que Gabal eſt vn mot Syriaque qui ſignifie vne bor

98 528 808 50 ne, dautant que le Soleil borne & termine les annees,

99 566 809 52 & ceſte idole eſtoit en figure de triangle, comme les

97 607 811 55 idoles des Pheniciens & Chaldeens ont ſignifié beau¬

95 644 545 54 coup de choſes touchant les aſtres.

225 711 567 68 VARIVS HELIOGABALE.

114 995 139 0 V

302 795 609 59 ARIVS Heliogabale fils de Baſſian, com¬

299 840 612 47 me l’on eſtimoit, fut fait Empereur par les

299 877 609 56 artifices & preſens de ſon aieule Mæſa,

303 934 608 35 l’an du monde quatre mil cent huitante

262 959 644 49 &quatre: l’an de Rome neuf cens ſeptante

93 996 815 50 deux: l’an de Chriſt deux cens vingt deux. Il regna

94 1037 812 48 deux ans & ſept mois. Il ſurmonta en vilenie tous les

95 1073 810 50 vilains deſquels les hiſtoriens font mention. On le

93 1113 810 48 ſurnomma Sardanapale, mais il fut beaucoup plus exe¬

92 1149 810 45 crable. Il aſſocia à l’Empire ſon couſin Alexandre, à la

92 1190 809 48 perſuaſion de ſa mere & de ſa tante Mammæa, leſquel¬

93 1230 808 52 les craignoient qu’apres la ruine de Heliogabale l’Em¬

92 1268 806 51 pire ne tumbaſt es mains d’vn eſtranger. Mais puis a¬

93 1310 805 52 pres Heliogabale enuoiagens pour coupper la gorge

91 1345 805 51 à Alexandre. Les ſoldas pretorians qui aimoient Ale¬

91 1385 806 45 xandre, auertis de cela, coururent apres Heliogabale

91 1420 806 53 qui s’eſtoit caché en des latrines, & le maſſacrerent là:

91 1461 805 51 puis les bourreaux ietterẽt ſon corps dansle Tybre, a¬

91 1500 806 50 pres qu’il euſt eſté trainé auec vn croc par les rues. Cela

89 1538 808 55 fait, pluſieurs de ſes mignons & macquereaux de ſa me

88 1577 522 63 re Soæmis furent auſſi maſſacrez.
