4096 5632
782 234 582 179 M. D. LXVIII.

2318 209 394 132 LIVRE

1314 287 2393 213 que part que ce ſoit de cedict Royaume, pour noz bõs

1314 450 782 166 & loyaux ſuiects.

2446 678 185 119 VI.

1451 866 2294 197 ET demeurera noſtredict confin quitte & deſchar¬

1329 994 2413 191 gé, comme par ces preſentes, ſignees de noſtre main,

1320 1104 2431 191 nous le quittons & deſchargeons de tous les deniers

1323 1226 2428 182 qui ont eſté par luy, ou par ſon commandement & or¬

1320 1354 2441 169 donnance, prins & leuez en noz receptes generales &

1320 1454 2438 191 particulieres, à quelques ſommes qu’ils ſe puiſſent

1320 1573 2441 160 monter. Et ſemblablement de ceux qui ont eſté (ainſi

1326 1692 2428 179 que dict eſt) prins & leuez des communautez, villes,

1320 1808 2447 166 argenterie, rentes, & reuenuz des Egliſes & autres

1326 1921 2441 184 par luy employez en l’occaſion de ceſte preſente guer¬

1326 2043 2444 172 re, ſans ce que luy, les ſiens, ceux qui ont eſté par

1326 2146 2444 169 Iuy commis à la leuee deſdicts deniers, leſquels & ſem¬

1329 2262 2444 184 blablement ceux qui les ont fornis & baillez en de¬

1326 2390 2450 166 meureront quittes & deſchargez, & leſquels nous en

1332 2496 2444 182 quittons & deſchargeons, en puiſſent eſtre aucune¬

1329 2615 2441 166 ment recherchez pour le preſent, ny pour l’aduenir,

1329 2728 2444 175 ny auſſi pour la fabrication de la monnoye, fonte d’ar¬

1329 2844 2450 169 tillerie, confection de poudres & ſalpetres, fortifica¬

1332 2953 2451 175 tions de villes, demolitions faictes pour leſdictes for¬

1332 3075 2457 172 tifications par le commandement de noſtredict couſin

1332 3191 2447 169 en toutes les villes de noſtre Royaume, & pays de no¬

1336 3316 2450 160 ſtre obeïſſance: & generalement de toutes autres de¬

1342 3429 2450 166 molitions, ſans ce qu’on en puiſſe, pretendre aucune

1345 3538 2447 166 choſe à l’aduenir,, dont les corps & habitans d’icelles

1354 3667 2438 150 demeureront ſemblablement deſchargez, & iceux en

1354 3779 1665 150 deſchargeons par ceſdictes preſentes.

2434 4030 247 140 VII.

1486 4233 2303 153 ET ne pourront aucuns de nos ſubiects quereller,

1361 4352 2434 169 ny faire pourſuite d’aucuns fruicts, reuenus, arrerages

1364 4471 2440 159 de rente, deniers & autres meubles qu’ils pretendroiẽt

1367 4583 2428 160 leur auoir eſté prins & leuez ſur eux, ny autres domma¬

1376 4696 2422 172 ges faits depuis le commencement de ces troubles iuſ¬

1376 4815 2425 188 ques au iour de la publication de ces preſentes, faicte
