2788 4025
1022 219 535 118 Lettres conſolatoires.

2002 203 125 125 690

396 310 1725 114 me veincus & exterminez des hommes. Que diray-ie donc maintenant quand mon

400 393 1716 87 Dieu me propoſe deuant les yeux vne ſi grande nuee de teſmoins & vaillans cham¬

398 449 1720 89 pions? Certes ie reiette loin de moy, tant que ie puis, le fardeau de peché qui m’enui¬

398 498 1718 87 ronne, pour eſtre plus alaigre à la luitte, & que ie coure par patience au cõbat qui m’eſt

395 550 1708 100 propoſé, regardant au chef de la foy & conſummateur Ieſus: lequel quand la gloire & la

398 610 1714 83 croix luy ont eſté propoſees, a choiſi & eſleu pluſtoſt la croix, en meſpriſant confuſion:

398 668 1714 78 & eſt aſſis à la dextre du ſiege de Dieu. Et penſe & repenſe à celuy qui a ſouffert telle

398 724 1714 74 contradiction de pecheurs contre ſoy-meſme, à fin que ie ne ſoye ennuyé pour defaillir

400 780 1712 71 en mon courage. Ie conſidere que ie n’ay pas encore reſiſté contre le peché iuſques au

395 818 1708 101 ſang. Il doit ſuffire (dit Ieſus Chriſt) quand le ſeruiteur eſt auſei bien traité que ſon maiſtre:car le ſerui¬

405 872 1698 100 reur n’eſt pas plus grand que ſon ſeigneur. I’ay bien matiere de me reſiouir grandement, quãc

402 941 1712 74 ie voy que mon Maiſtre leſus Chriſt me fait l’honneur de me faire ſeoir auec luy à ſa

399 986 1721 94 table, me faiſant ma ſouppe de ſon meſme pain, & me faiſant boire à ſa propre coup¬

402 1048 1719 87 pe, & en ſon hanap. Eſt-ce là peu de choſe deſuyure vn tel Seigneur? C’eſt luy qui a fait

402 1097 1714 83 le ciel & la terre de rien par ſa parole vertueuſe. C'eſt luy deuãt la face duquel les Anges

409 1150 1697 87 & Archanges couurent leurs faces, & tremblent deuant luy: & voicy moy vn poure ver

399 1194 1714 100 de terre enuironné d’infirmité, il luy plaiſt m’appeler ſon amy, & non pas ſeruiteur. O

399 1254 1714 87 quel honneur! Il ne fait pas meſme ceſt honneur à ſes Anges de les admettreà ſouffrir

402 1317 1692 87 pour ſon nom. Et qui ſuis-ie moy pour receuoir vn tel honneur de mon Dieu? Cer

400 1366 1710 85 tes ie ſuis raui au ciel, quand ie conſidere ces choſes. Et comme ſi c’eſtoit peu de tout

400 1428 1714 72 cela, il me conſole ſans ceſſe en mes combats, il eſt icy priſonnier auec moy: i'enten Ie¬

402 1475 1710 81 ſus Chriſt mon Maiſtre. Ie le voy, par maniere de dire, enclos & enferré en mes fers &

402 1527 1712 94 liens. Ie le voy des yeux de mon eſprit enclos en ma priſon obſcure & tenebreuſe, com¬

400 1594 1707 78 me il m’a promis par ſa parole tres-veritable d’eſtre auec moy tous les iours iuſques à la

400 1645 1694 79 fin. Il dit que quand l’vn de ſes plus petits diſciples eſt priſonnier, que c’eſt luy-meſme

399 1700 1704 81 diſant, l’ay eſté priſonnier, & vous m’auez viſité. Il diſoit à Saul, Sauh, Saul, pourquoy me perſecu¬

399 1747 1704 84 tes-tu? & cependant il ne perſecutoit ſinon les poures fideles: mais Chriſt dit que c’eſt à

402 1797 1701 94 luy qu’il s’attachoit. Il a dit par ſon prophete Zacharie, Qui vous touche, il touche la prunel¬

402 1858 1708 80 le de mon œil. qu’y a il de plus pretieux & de plus pres gardé que l’œil? & cependant voila

404 1914 1708 71 mon Seigneur qui dit, que le mal & les afflictions qu’on me fait luy redondent droit en

404 1961 1710 82 la prunelle de l’œil. O quel Maiſtre! ô quel Seigneur mon Dieu m’a fait trouuer! Trou¬

404 2016 1712 79 uera-on beaucoup de maiſtres qui parleront ainſi de leurs ſeruiteurs? ie ne le croy pas. Il

404 2070 1710 78 eſt icy auec moy auec vne infinité d’Anges, me conſolant & fortifiant, & faiſant ſon¬

402 2126 1698 81 ner ceſte tant douce melodie des paroles de ſa bouche en mes oreilles, me diſant, 1e

407 2195 1703 59 donneray à celuy qui veinora, à manger de l'arbre de vie, lequel eſt au milieu du paradis de mon Dieu.

407 2236 1698 78 Item, Ie cognoy ta tribulation & ta poureté, mais tu es riche. Tu es blaſmé de ceux qui ſe diſent eſtre Iuifs

407 2296 1707 78 & ne le ſont point: mais ſont la ſynagogue de Satan. Ne oain les choſes que tu as à ſouffrir: voicy le

402 2341 1698 84 diable doit enuoyeraucuns de vous en priſon. Puis il me dit, Sois fidele iuſques à la mort, & iete don

404 2399 1712 78 neray la couronne de vie. O quelle conſolation! Mon cœur bondit dedans mes entrailles,

407 2466 1711 60 quand ces paroles ſonnent à mes aureilles. Ce n’eſt pas vn menteur ou trompeur qui

407 2513 1711 71 parle ainſi: mais c’eſt le Fils de Dieu, la bouche ſans fraude, la verité infaillible. Eſtãt

404 2567 1714 69 donc ainſi conſolé, fortifié, & diſpoſé par la conſolation diuine, ie combats en mes

404 2625 1717 67 liens, me tenant mille fois bien-heureux d’auoir part & communion aux ſouffrances &

404 2669 1712 81 afflictions de Chriſt: ſachant bien que ie ne ſouffre point pour auoir fait tort & extor¬

412 2723 1674 81 ſion à perſonne. I’ay procuré le ſalut de tous hommes, entant qu’en moy a eſté: i’ay an

402 2773 1694 74 noncé la paix à tous. Et ne ſouffre pour autre choſe, ſinon pour auoir preſché leſus

402 2834 1681 74 Chriſt crucifié pour le ſalut des hommes. Et de cela i’en appelle en teſmoignage la con

402 2877 1701 84 ſcience de ceux qui me tiennent icy enferré comme mal-faicteur. Partant à bon droit

404 2938 1708 78 ie me reſiouy de ſouffrir pour Chriſt, pour la verité, pour iuſtice, ſachant, comme dit

402 2995 1711 77 ſainct Pierre, que l’Eſprit de la gloire de Chriſt repoſe ſur moy: ie ſuis content: ie ſuis

404 3045 1712 78 rempli de biens. Ie n’ay faute de rien, tant bien le Seigneur me remplit de ſes biens.

407 3108 1709 65 Que diray-ie donc? puis que mon Dieu m’a fait voir le royaume de ſon Fils florir en la

402 3159 1714 72 terre de ma natiuité, & que maintenant il m’appelle au repos, certes ie dy de bon cœur

402 3213 1712 65 auec Simeon le bon vieillard, embraſſant Ieſus Chriſt comme nouueau nay entre mes

402 3260 1698 80 bras, diſant, Or laiſſes, Createur, en paix ton ſeruiteur, enſuyuant ta promeſſe. Ie ſuis content de

407 3322 1711 70 departir de ceſte vie mortelle, pour entrer au repos de mon Dieu. Ainſi donc, ma bon¬

404 3378 1712 99 ne mere, puis que vous me voyez ainſi bien diſpos & alaigre, ſoyezcontente, & vous

2113 519 148 125 Herna¬

2106 791 172 121 Morrveat

2127 862 53 120 115

2110 1165 118 82 Soufhir

2113 1207 165 87 pour Chriſt.

2117 1261 161 67 urmonte la

2110 1317 172 55 conditiõ des

2107 1350 108 72 Anges.

2114 1616 145 74 Macthas.

2110 1672 44 56 20.

2110 1677 171 114 Mi.25.30

2103 1744 124 67 Acto4

2106 1811 138 107 Lachas

2113 2099 168 124 Apoeuar

2118 2209 166 89 Apocala.9.

2100 2297 171 191 Aceus

2110 2726 151 94 Oyezceci

2103 2767 175 94 pefſecutcux

2110 2834 171 70 des vrais Mi

2117 2871 97 80 uiſtres.

2113 2985 171 110 1Bier4 ue

1691 3432 219 118 AAA. ii.

2120 3243 127 101 Lue223
