1192 1885
235 71 71 53 28

426 67 410 78 Hiſtoire de la guerre

233 135 797 90 ſtelline de Bourg en Breſſe. Philip¬

246 208 787 84 pes eſpouſa en ſecondes nopces

238 275 796 82 Claude de Pontieure, de laquelle

237 340 795 83 vint Charles Duc de Sauoye, Phi¬

232 408 802 84 lippes Duc de Nemours & Cõte du

235 476 796 82 Geneuois, Puis René Baſtard, Cõte

232 545 798 80 de Vilars & Grand-Maiſtre de Frã¬

231 614 802 78 ce. Philebert neantmoins lui ayant

228 680 804 83 ſuccedé comme premier-nay &

223 750 807 79 principal heritier, deceda ſans en¬

224 814 806 82 fans, laiſſant ſa ſœur Loyſe ſon heri¬

224 884 807 82 tiere vniuerſelle: tant par la diſpoſi¬

224 955 807 80 tion du droict commun qui prefe¬

223 1019 801 79 re les conioints des deux coſtez,

228 1090 801 78 que par la clauſe expreſſe du con¬

223 1158 803 75 tract de mariage. Et ores qu’és ter¬

219 1224 809 78 res où le maſle eſtoit preferé, Loy¬

219 1292 811 76 ſe ne pretendoit rien, elle eſtoit

219 1360 809 74 neantmoins ſeule heritiere de ſon

217 1429 811 75 frere en tout le bien de la mere, au

224 1499 801 76 precipu, & en tous les biens allo¬

219 1565 803 83 diaux. A l’occaſion dequoy, le Roy

819 1644 205 86 François
