4096 5812
817 193 1101 178 TROISIEEME.

2442 190 138 158 68

158 309 2390 236 re de Prens, ſur le riuage d’icelle, en vn lieu & vil lage

174 468 1854 187 qui s’appelle Soltan à trois lieuës d’Vlme.

329 561 2234 204 Or pource que Ceſar tenoit les villes de deſſus la

167 681 2389 203 Dunouë, & auoit gagné le deuant des ennemis, il deſ¬

174 794 2382 210 ſeignoit aller à Vlme pour l’oppreſſer & aſſieger, po¬

177 926 2381 175 ſant ſon cãp en tel lieu que ſi les ennemis la venoient

177 1026 2381 181 ſecourir, comme aſſez faiſoit à coniecturer, s’ils neda

180 1188 2381 148 vouloient laiſſer perdre, il les euſt combatus à ſon ad¬

180 1256 2375 193 uentage. Auſſi auoit ſa Maieſté ordonné partir le len¬

180 1372 2394 181 demain, mais à l’heure que ſon camp vouloit deſloger

180 1494 2381 185 ramenerent aucuns cheuaux legers (aiant le iour de¬

180 1604 2378 184 uant eſté enuoiez au coſté des ennemis,) que dles Pro¬

180 1717 2388 191 teſtans cheminoient: parquoy fut neceſſaire de s’arre¬

180 1837 2384 184 ſter tãt qu'o cuit appereeu; cs quis determinoiẽt fai¬

184 1947 2377 184 re. Pource enuoia de nouueau ſa Maieſté autre che¬

184 2060 2390 193 uaux legers en plus grand nombre pour recognoiſtre

190 2179 2378 191 quel chemin ils tenoient. Le iour deuant ils eſtoient

190 2292 2390 194 partiz de leur logis d’aupres Norlinghen, & auoient

184 2408 2396 184 cheminé deux grãdes lieuës, & leur reſtoit peu de che

184 2518 2390 197 min pour venir au logis qu’ils prindrent depuis. Mais

187 2638 2384 180 ceſt aduis arriua tard, qui toutesfois ne fut en tout la

187 2754 2377 187 coulpe des auãtcoureurs, leſquels ne ſçauoiẽt le païs,

193 2864 2365 187 pour n’en eſtre naturels, occaſion qu’ils furẽt longue¬

193 2977 2378 184 ment ſans ſçauoir entendre qu’elle part ſe dreſſoit le

193 3099 2375 175 chemin des ennemis, & aucuns Allemans qui en ap¬

197 3209 2367 191 porterent les nouuelles, eſtoiẽt ſi variables qu’on n’y

197 3328 2351 185 pouuoit aſſeoir iugement certain.

500 3435 2074 161 Deſia les ennemis eſtoient ſi auant que ſortant

200 3548 2377 184 Ie Duc d’Alue pour recognoiſtre la diſpoſitiõ du lieu

206 3664 2368 188 par où lon penſoit qu’ils prenoient leur chemin, il en¬

206 3781 2362 184 tendit bien clerement le ſon de leurs tabourins, & cõ¬

206 3894 2378 167 mençoit lon à deſcouurir aucuns de leurs gens. Par¬

219 4010 2371 184 quoy ſa Maieſté monte à cheual, & prenant le Duc

216 4136 2368 171 d’Alue en ſa cõpagnie auec aucuns autres ſeigneurs &

222 4239 2371 181 gentils hommes alla ſur vne mõtaignette, aſſez pres de

226 4336 2378 203 laquelle eſtoit deſia lauantgarde des ennemis grande¬

226 4459 2367 190 ment renforcee de gens de cheual, & leurs pietons à la

232 4572 2372 184 main droicte pres certains bois, & aucunes pieces d’ar¬

235 4691 2369 174 tillerie de cãpagne, auec leſqlles il cõmencerẽt à tirer

235 4798 2377 219 fort brauemét:car le Lãtgraue faiſoit profeſſiõ de biẽ

2025 4933 165 188 iiij

2572 568 500 142 L'Empereur

2555 681 536 155 deſſeigne ſur

2556 796 260 150 Vlme.

2601 4323 535 158 Le Lantgra¬

2608 4452 525 142 ue bien entẽ¬

2607 4562 461 148 du au faict

2608 4675 460 152 de l’artille¬

2611 4813 157 134 rie.
