<?xml version="1.0" encoding="UTF-8"?>
<alto xmlns:xsi="http://www.w3.org/2001/XMLSchema-instance"
      xmlns="http://www.loc.gov/standards/alto/ns-v4#"
      xsi:schemaLocation="http://www.loc.gov/standards/alto/ns-v4# http://www.loc.gov/standards/alto/v4/alto-4-2.xsd">
  <Description>
    <MeasurementUnit>pixel</MeasurementUnit>
    <sourceImageInformation>
      <fileName>page_122.jpg</fileName>
    </sourceImageInformation>
  </Description>
  <Tags>
    <OtherTag ID="BT7" LABEL="CustomZone" DESCRIPTION="block type CustomZone"/><OtherTag ID="BT8" LABEL="DamageZone" DESCRIPTION="block type DamageZone"/><OtherTag ID="BT9" LABEL="DigitizationArtefactZone" DESCRIPTION="block type DigitizationArtefactZone"/><OtherTag ID="BT10" LABEL="DropCapitalZone" DESCRIPTION="block type DropCapitalZone"/><OtherTag ID="BT11" LABEL="GraphicZone" DESCRIPTION="block type GraphicZone"/><OtherTag ID="BT12" LABEL="MainZone" DESCRIPTION="block type MainZone"/><OtherTag ID="BT13" LABEL="MarginTextZone" DESCRIPTION="block type MarginTextZone"/><OtherTag ID="BT14" LABEL="MusicZone" DESCRIPTION="block type MusicZone"/><OtherTag ID="BT15" LABEL="NumberingZone" DESCRIPTION="block type NumberingZone"/><OtherTag ID="BT17" LABEL="QuireMarksZone" DESCRIPTION="block type QuireMarksZone"/><OtherTag ID="BT18" LABEL="RunningTitleZone" DESCRIPTION="block type RunningTitleZone"/><OtherTag ID="BT19" LABEL="SealZone" DESCRIPTION="block type SealZone"/><OtherTag ID="BT20" LABEL="StampZone" DESCRIPTION="block type StampZone"/><OtherTag ID="BT21" LABEL="TableZone" DESCRIPTION="block type TableZone"/><OtherTag ID="BT22" LABEL="TitlePageZone" DESCRIPTION="block type TitlePageZone"/><OtherTag ID="BT2522" LABEL="MainZone-Continued" DESCRIPTION="block type MainZone-Continued"/><OtherTag ID="BT2523" LABEL="MarginTextZone-Notes" DESCRIPTION="block type MarginTextZone-Notes"/><OtherTag ID="BT2524" LABEL="MainZone-Head" DESCRIPTION="block type MainZone-Head"/><OtherTag ID="BT2525" LABEL="MainZone-P" DESCRIPTION="block type MainZone-P"/><OtherTag ID="BT2526" LABEL="MainZone-Signature" DESCRIPTION="block type MainZone-Signature"/><OtherTag ID="BT2527" LABEL="TitlePageZone-Index" DESCRIPTION="block type TitlePageZone-Index"/><OtherTag ID="BT2528" LABEL="MainZone-Entry" DESCRIPTION="block type MainZone-Entry"/><OtherTag ID="BT2529" LABEL="MainZone-Sp" DESCRIPTION="block type MainZone-Sp"/><OtherTag ID="BT2530" LABEL="GraphicZone-Decoration" DESCRIPTION="block type GraphicZone-Decoration"/><OtherTag ID="BT2531" LABEL="MarginTextZone-ManuscriptAddendum" DESCRIPTION="block type MarginTextZone-ManuscriptAddendum"/><OtherTag ID="BT2532" LABEL="MainZone-Other" DESCRIPTION="block type MainZone-Other"/><OtherTag ID="BT2533" LABEL="MainZone-ListItem" DESCRIPTION="block type MainZone-ListItem"/><OtherTag ID="BT2534" LABEL="GraphicZone-Head" DESCRIPTION="block type GraphicZone-Head"/><OtherTag ID="BT2535" LABEL="MainZone-Lg" DESCRIPTION="block type MainZone-Lg"/><OtherTag ID="BT2536" LABEL="MainZone-Date" DESCRIPTION="block type MainZone-Date"/>
    <OtherTag ID="LT7" LABEL="CustomLine" DESCRIPTION="line type CustomLine"/><OtherTag ID="LT8" LABEL="DefaultLine" DESCRIPTION="line type DefaultLine"/><OtherTag ID="LT9" LABEL="DropCapitalLine" DESCRIPTION="line type DropCapitalLine"/><OtherTag ID="LT10" LABEL="HeadingLine" DESCRIPTION="line type HeadingLine"/><OtherTag ID="LT11" LABEL="InterlinearLine" DESCRIPTION="line type InterlinearLine"/><OtherTag ID="LT12" LABEL="MusicLine" DESCRIPTION="line type MusicLine"/><OtherTag ID="LT749" LABEL="default" DESCRIPTION="line type default"/>
  </Tags>
  <Layout>
    <Page WIDTH="4096"
          HEIGHT="6500"
          PHYSICAL_IMG_NR="120"
          ID="eSc_dummypage_">
      <PrintSpace HPOS="0"
                  VPOS="0"
                  WIDTH="4096"
                  HEIGHT="6500">
        <TextBlock HPOS="1135"
                   VPOS="256"
                   WIDTH="963"
                   HEIGHT="156"
                   ID="block_0"
                   TAGREFS="BT18">
          <Shape><Polygon POINTS="2098 256 2098 412 1135 412 1135 256"/></Shape>
          <TextLine ID="line_0"
                    TAGREFS="LT10"
                    BASELINE="1137 375 2105 368" 
                    HPOS="1134"
                    VPOS="234"
                    WIDTH="971"
                    HEIGHT="195">
            <Shape><Polygon POINTS="1137 408 1249 429 1253 429 1347 408 1354 408 1394 408 1990 426 1993 426 2102 400 2105 368 2094 245 1726 260 1715 252 1697 241 1694 241 1690 241 1686 241 1683 241 1657 256 1647 260 1639 256 1585 234 1582 234 1415 234 1412 234 1408 234 1405 234 1405 238 1376 263 1365 263 1191 245 1188 245 1184 245 1134 263 1137 375"/></Shape>
	    <String CONTENT="DIXIEME."
                    HPOS="1134"
                    VPOS="234"
                    WIDTH="971"
                    HEIGHT="195"
                    WC="0.9999766275286674"></String>
          </TextLine>
        </TextBlock>
        <TextBlock HPOS="2846"
                   VPOS="279"
                   WIDTH="221"
                   HEIGHT="164"
                   ID="block_2"
                   TAGREFS="BT15">
          <Shape><Polygon POINTS="3067 279 3067 443 2846 443 2846 279"/></Shape>
          <TextLine ID="line_1"
                    TAGREFS="LT8"
                    BASELINE="2857 390 3055 379" 
                    HPOS="2849"
                    VPOS="270"
                    WIDTH="206"
                    HEIGHT="170">
            <Shape><Polygon POINTS="2857 390 2860 440 2925 418 3052 429 3055 379 3041 270 2849 281 2857 390"/></Shape>
	    <String CONTENT="308"
                    HPOS="2849"
                    VPOS="270"
                    WIDTH="206"
                    HEIGHT="170"
                    WC="0.9999970197677612"></String>
          </TextLine>
        </TextBlock>
        <TextBlock HPOS="256"
                   VPOS="425"
                   WIDTH="2762"
                   HEIGHT="5002"
                   ID="block_3"
                   TAGREFS="BT2522">
          <Shape><Polygon POINTS="3018 439 2999 5427 256 5427 275 425"/></Shape>
          <TextLine ID="line_2"
                    TAGREFS="LT8"
                    BASELINE="270 530 2037 520 3001 541" 
                    HPOS="270"
                    VPOS="400"
                    WIDTH="2731"
                    HEIGHT="177">
            <Shape><Polygon POINTS="270 530 270 570 1448 556 1592 574 1618 577 1621 577 1625 577 1632 574 1690 556 2149 556 2188 574 2192 574 2196 574 2199 574 2275 556 2326 574 2329 574 2994 577 3001 541 2997 447 2481 447 2445 436 2311 400 2308 400 2098 400 2094 400 2091 400 2087 400 2044 429 2026 440 1979 429 1874 400 1871 400 1867 400 1863 400 1816 426 1780 444 1733 422 1726 422 1722 422 1719 422 1715 422 1712 422 1683 444 1535 426 1531 426 1249 444 1155 415 1152 415 1148 415 1145 415 1004 444 910 411 884 400 881 400 877 400 711 404 707 404 700 408 660 429 621 404 617 400 614 400 610 400 606 400 603 400 599 400 595 404 538 436 473 400 469 400 465 400 270 400 270 530"/></Shape>
	    <String CONTENT="de laquelle les tenans auoyent abbatu la couuerture: &amp;"
                    HPOS="270"
                    VPOS="400"
                    WIDTH="2731"
                    HEIGHT="177"
                    WC="0.9942866056053726"></String>
          </TextLine>
          <TextLine ID="line_3"
                    TAGREFS="LT8"
                    BASELINE="278 660 1506 646 2997 660" 
                    HPOS="278"
                    VPOS="545"
                    WIDTH="2719"
                    HEIGHT="159">
            <Shape><Polygon POINTS="278 660 278 704 1090 704 1090 700 1228 682 1332 700 1336 700 1340 700 1419 682 2990 700 2997 660 2994 548 2900 545 2896 545 2893 545 2889 545 2885 548 2853 574 2795 552 2792 552 2788 552 2651 574 2604 552 2589 545 2586 545 2232 545 2228 545 2181 556 2105 574 2076 556 2062 545 2058 545 2055 545 1889 545 1885 545 1787 559 1697 574 1679 559 1661 545 1657 545 1654 545 1650 545 1647 545 1589 563 1553 570 1524 563 1459 545 1455 545 1452 545 1448 545 1394 563 1361 574 1332 563 1271 545 1267 545 1264 545 1141 566 1134 566 1130 566 1083 545 1079 545 1076 545 1072 545 1007 566 986 577 278 577 278 660"/></Shape>
	    <String CONTENT="pour mieux en faciliter l’entreprinſe, auancerent deux"
                    HPOS="278"
                    VPOS="545"
                    WIDTH="2719"
                    HEIGHT="159"
                    WC="0.992934074666765"></String>
          </TextLine>
          <TextLine ID="line_4"
                    TAGREFS="LT8"
                    BASELINE="278 783 2994 776" 
                    HPOS="274"
                    VPOS="668"
                    WIDTH="2720"
                    HEIGHT="166">
            <Shape><Polygon POINTS="278 783 278 834 498 808 527 826 530 826 534 826 538 826 541 826 581 808 1282 808 1314 826 1318 826 1321 826 1325 826 1329 826 1332 826 1379 808 1423 826 1441 830 1444 830 1448 830 1531 823 1748 805 2073 805 2094 819 2102 826 2105 826 2109 826 2113 826 2116 826 2149 819 2199 805 2261 816 2315 826 2318 826 2322 826 2347 816 2376 805 2485 816 2611 826 2615 826 2990 808 2994 776 2983 675 2391 693 2355 678 2322 668 2318 668 2073 668 2069 668 2066 668 2062 668 2048 682 2040 686 2037 682 2019 668 2015 668 2011 668 1730 668 1726 668 1722 668 1675 686 1668 689 1639 686 1477 671 1473 671 1470 671 1466 671 1437 689 1423 700 1336 700 1321 689 1282 671 1278 671 1275 671 1271 671 1267 671 1242 693 1238 696 1231 693 1195 671 1191 671 1188 671 1184 671 1116 689 1033 671 1029 671 917 696 906 696 902 696 856 671 852 671 848 671 845 671 787 696 783 696 769 696 588 682 585 682 274 700 278 783"/></Shape>
	    <String CONTENT="pieces murales ſur le bord du foſſé: deſquelles tant que du"
                    HPOS="274"
                    VPOS="668"
                    WIDTH="2720"
                    HEIGHT="166"
                    WC="0.9837940712769826"></String>
          </TextLine>
          <TextLine ID="line_5"
                    TAGREFS="LT8"
                    BASELINE="274 899 2990 906" 
                    HPOS="274"
                    VPOS="787"
                    WIDTH="2716"
                    HEIGHT="159">
            <Shape><Polygon POINTS="274 899 274 946 2987 946 2990 906 2979 790 2925 808 2875 790 2871 790 2867 790 2864 790 2817 816 2571 794 2532 790 2528 790 2268 794 2264 794 2261 794 2199 816 2116 798 2084 790 1816 790 1813 790 1809 790 1805 790 1795 798 1766 819 1636 819 1466 812 1452 801 1433 787 1430 787 1426 787 1177 787 1173 787 1170 787 1105 805 1069 812 1029 805 960 790 957 790 953 790 910 805 892 812 881 805 845 787 841 787 697 787 693 787 689 787 686 787 660 808 650 816 462 816 455 808 433 794 429 794 426 794 422 794 274 808 274 899"/></Shape>
	    <String CONTENT="ra la nuict du Samedy, batirent ſur le deuant du Rauelin"
                    HPOS="274"
                    VPOS="787"
                    WIDTH="2716"
                    HEIGHT="159"
                    WC="0.9912968501448631"></String>
          </TextLine>
          <TextLine ID="line_6"
                    TAGREFS="LT8"
                    BASELINE="270 1025 2979 1018" 
                    HPOS="267"
                    VPOS="913"
                    WIDTH="2712"
                    HEIGHT="145">
            <Shape><Polygon POINTS="270 1025 270 1058 2976 1050 2979 1018 2965 920 2904 938 2770 920 2752 920 2748 920 2745 920 2741 920 2719 942 2568 942 2539 924 2517 913 2513 913 2510 913 2506 913 2503 913 2488 924 2474 935 2459 924 2445 913 2441 913 2438 913 2434 913 2362 928 2329 931 2322 928 2304 913 2300 913 2297 913 1979 913 1975 913 1881 931 1842 938 1813 931 1744 913 1740 913 1737 913 1733 913 1654 935 1614 942 1560 935 1437 917 1433 917 1321 938 1289 946 1058 946 1051 942 1018 924 1014 924 1011 924 1007 924 1004 924 982 942 978 946 740 946 740 942 675 917 671 917 668 917 516 938 473 917 469 917 332 917 328 917 325 917 267 942 270 1025"/></Shape>
	    <String CONTENT="d&#x27;Onis: &amp; tout le iour enſuyuant, qui fut le dernier iour"
                    HPOS="267"
                    VPOS="913"
                    WIDTH="2712"
                    HEIGHT="145"
                    WC="0.9773010423308924"></String>
          </TextLine>
          <TextLine ID="line_7"
                    TAGREFS="LT8"
                    BASELINE="270 1151 2994 1144" 
                    HPOS="267"
                    VPOS="1040"
                    WIDTH="2727"
                    HEIGHT="158">
            <Shape><Polygon POINTS="270 1151 270 1180 1166 1198 1170 1198 1412 1188 1675 1177 1852 1191 1917 1195 1921 1195 1925 1195 1936 1191 1975 1177 2138 1191 2181 1195 2185 1195 2188 1195 2199 1191 2264 1177 2383 1195 2405 1195 2409 1195 2434 1195 2611 1177 2647 1195 2651 1195 2654 1198 2990 1198 2994 1144 2983 1040 2857 1058 2748 1040 2737 1040 2734 1040 2730 1040 2727 1040 2690 1065 2513 1047 2510 1047 2398 1065 2369 1043 2365 1043 2362 1043 2358 1043 2355 1043 2300 1065 2250 1043 2246 1043 2243 1043 2239 1043 2235 1043 2232 1043 2178 1065 2141 1043 2131 1040 2127 1040 2123 1040 2120 1040 2105 1043 2055 1068 1784 1068 1708 1047 1668 1040 1665 1040 1390 1043 1387 1043 1368 1050 1332 1068 1199 1050 1173 1050 1170 1050 1152 1054 1061 1068 978 1054 913 1043 910 1043 834 1054 751 1068 707 1058 664 1043 660 1043 657 1043 267 1058 270 1151"/></Shape>
	    <String CONTENT="d’Octobre, cõtinuerent la baterie, iuſques à vne ou deux"
                    HPOS="267"
                    VPOS="1040"
                    WIDTH="2727"
                    HEIGHT="158"
                    WC="0.9990375781881398"></String>
          </TextLine>
          <TextLine ID="line_8"
                    TAGREFS="LT8"
                    BASELINE="270 1274 2990 1267" 
                    HPOS="267"
                    VPOS="1177"
                    WIDTH="2723"
                    HEIGHT="148">
            <Shape><Polygon POINTS="270 1274 274 1325 346 1307 1358 1321 1361 1321 1636 1303 2983 1318 2990 1267 2979 1177 267 1177 270 1274"/></Shape>
	    <String CONTENT="heures du Lundy. Ne faut douter ſi la breche fut faite rai"
                    HPOS="267"
                    VPOS="1177"
                    WIDTH="2723"
                    HEIGHT="148"
                    WC="0.9978001467112837"></String>
          </TextLine>
          <TextLine ID="line_9"
                    TAGREFS="LT8"
                    BASELINE="267 1397 3012 1397" 
                    HPOS="267"
                    VPOS="1285"
                    WIDTH="2745"
                    HEIGHT="170">
            <Shape><Polygon POINTS="267 1397 267 1444 549 1455 552 1455 617 1444 660 1437 693 1444 740 1455 744 1455 747 1455 751 1455 780 1444 809 1433 856 1444 917 1455 921 1455 986 1440 1029 1433 1040 1440 1058 1455 1061 1455 1065 1455 1069 1455 1181 1440 1249 1433 1289 1440 1361 1455 1365 1455 1368 1455 1372 1455 1394 1440 1405 1433 1423 1440 1462 1455 1466 1455 1470 1455 1473 1455 1477 1455 1498 1440 1509 1433 1560 1440 1657 1451 1661 1451 1665 1451 1668 1451 1686 1437 1697 1433 1914 1433 1932 1437 1979 1451 1982 1451 1986 1451 1990 1451 2044 1437 2058 1433 2066 1437 2105 1455 2109 1455 2113 1455 2463 1437 2741 1455 2745 1455 2748 1455 2806 1433 2810 1433 2875 1455 2878 1455 2882 1455 2885 1455 2889 1455 2918 1433 3012 1433 3012 1397 3012 1307 2842 1285 2723 1285 2719 1285 2716 1285 2669 1303 2651 1314 2347 1314 2333 1303 2304 1285 2300 1285 2297 1285 2199 1285 2196 1285 2192 1285 2156 1303 2145 1310 2109 1303 2011 1285 1802 1285 1798 1285 1795 1285 1748 1303 1730 1310 1719 1303 1694 1285 1690 1285 1686 1285 1589 1285 1585 1285 1582 1285 1578 1285 1556 1303 1545 1310 1520 1303 1455 1285 1452 1285 1448 1285 1361 1303 1318 1314 1220 1314 1210 1303 1188 1285 1184 1285 1181 1285 1177 1285 1173 1285 1108 1303 1076 1310 1033 1303 960 1289 957 1289 852 1303 787 1310 740 1303 653 1285 650 1285 267 1300 267 1397"/></Shape>
	    <String CONTENT="ſonnable, voire telle qu’vn cheual chargé y pouuoit aiſee"
                    HPOS="267"
                    VPOS="1285"
                    WIDTH="2745"
                    HEIGHT="170"
                    WC="0.9836977905240553"></String>
          </TextLine>
          <TextLine ID="line_10"
                    TAGREFS="LT8"
                    BASELINE="270 1523 2990 1509" 
                    HPOS="267"
                    VPOS="1411"
                    WIDTH="2723"
                    HEIGHT="170">
            <Shape><Polygon POINTS="270 1523 270 1581 487 1560 874 1578 931 1578 935 1578 939 1578 942 1578 942 1574 971 1556 1069 1574 1076 1574 1079 1574 1090 1574 1260 1556 1415 1570 1462 1574 1466 1574 1506 1570 1614 1556 1708 1567 1737 1570 1740 1570 1744 1570 1748 1570 1751 1567 1769 1552 1831 1567 1856 1570 1860 1570 1928 1567 2073 1552 2091 1563 2102 1570 2105 1570 2109 1570 2113 1570 2987 1552 2990 1509 2983 1440 2430 1411 2427 1411 2282 1440 2268 1440 2250 1440 2037 1415 2033 1415 1917 1440 1910 1440 1863 1415 1860 1415 1755 1415 1751 1415 1748 1415 1744 1415 1715 1440 1712 1440 1632 1419 1629 1419 1379 1419 1376 1419 1372 1419 1368 1419 1343 1440 1336 1448 1098 1448 1087 1440 1058 1426 1054 1426 1051 1426 978 1440 946 1448 928 1440 884 1426 881 1426 877 1426 874 1426 837 1440 823 1451 469 1451 455 1440 418 1426 415 1426 411 1426 267 1440 270 1523"/></Shape>
	    <String CONTENT="ment monter: &amp; qui eſt plus, les aſsiegez n’auoyent au¬"
                    HPOS="267"
                    VPOS="1411"
                    WIDTH="2723"
                    HEIGHT="170"
                    WC="0.9949433738535101"></String>
          </TextLine>
          <TextLine ID="line_11"
                    TAGREFS="LT8"
                    BASELINE="274 1643 2994 1643" 
                    HPOS="274"
                    VPOS="1541"
                    WIDTH="2720"
                    HEIGHT="163">
            <Shape><Polygon POINTS="274 1643 274 1675 614 1700 617 1704 1101 1704 1101 1700 1228 1679 1574 1679 1603 1700 1607 1700 1610 1700 1614 1700 1618 1700 1708 1679 2867 1697 2871 1697 2994 1675 2994 1643 2994 1563 2929 1541 2925 1541 2716 1541 2712 1541 2708 1541 2705 1541 2672 1563 2625 1541 2622 1541 2232 1541 2228 1541 2224 1541 2138 1567 2123 1574 1759 1574 1751 1570 1708 1549 1704 1549 1701 1549 1697 1549 1694 1549 1668 1570 1665 1574 1498 1574 1495 1570 1466 1545 1462 1545 1459 1545 1455 1545 1365 1563 1300 1541 1296 1541 1293 1541 1101 1570 1094 1570 1090 1570 996 1541 993 1541 989 1541 986 1541 931 1570 736 1570 657 1570 653 1570 530 1541 527 1541 523 1541 520 1541 498 1563 274 1570 274 1643"/></Shape>
	    <String CONTENT="cun flanc pour la defendre, &amp; auec ce, le ſoldat Catholi¬"
                    HPOS="274"
                    VPOS="1541"
                    WIDTH="2720"
                    HEIGHT="163"
                    WC="0.9986133355843393"></String>
          </TextLine>
          <TextLine ID="line_12"
                    TAGREFS="LT8"
                    BASELINE="281 1773 2748 1769 3000 1782" 
                    HPOS="281"
                    VPOS="1650"
                    WIDTH="2726"
                    HEIGHT="191">
            <Shape><Polygon POINTS="281 1690 382 1690 462 1650 473 1650 541 1686 884 1686 1145 1657 1148 1657 1300 1690 1307 1693 1553 1693 1553 1690 1672 1653 2033 1653 2116 1675 2250 1653 2253 1653 2463 1690 2589 1653 3007 1653 2998 1823 2965 1809 2792 1830 2781 1830 2741 1809 2539 1809 2456 1838 2448 1838 2293 1809 2210 1841 2196 1841 2008 1809 1719 1809 1509 1841 1484 1841 1408 1809 1148 1809 1108 1838 1094 1838 1036 1809 971 1838 964 1838 823 1809 541 1838 534 1838 440 1805 281 1838"/></Shape>
	    <String CONTENT="que ne pouuoit eſtre veu, qu’il ne fuſt iuſques au haut d’i¬"
                    HPOS="281"
                    VPOS="1650"
                    WIDTH="2726"
                    HEIGHT="191"
                    WC="0.9802692383527756"></String>
          </TextLine>
          <TextLine ID="line_13"
                    TAGREFS="LT8"
                    BASELINE="274 1895 2987 1895" 
                    HPOS="274"
                    VPOS="1787"
                    WIDTH="2713"
                    HEIGHT="163">
            <Shape><Polygon POINTS="274 1895 274 1928 538 1928 559 1946 563 1946 567 1946 570 1946 679 1928 736 1946 740 1946 744 1950 1253 1950 1253 1946 1256 1946 1260 1946 1285 1928 1824 1928 1925 1946 1928 1946 2817 1928 2885 1946 2889 1946 2893 1946 2987 1924 2987 1895 2983 1787 2676 1812 2568 1791 2550 1787 2546 1787 2542 1787 2539 1787 2535 1791 2503 1816 2434 1816 2318 1791 2279 1787 2275 1787 2271 1787 2268 1787 2261 1794 2235 1816 2080 1816 2044 1794 2029 1787 2026 1787 2022 1787 1907 1798 1805 1805 1744 1798 1647 1787 1643 1787 1639 1787 1636 1787 1618 1801 1592 1816 1491 1816 1444 1801 1379 1787 1376 1787 1372 1787 1332 1801 1303 1812 1275 1805 1224 1787 1220 1787 1217 1787 1137 1805 1101 1812 1087 1805 1054 1787 1051 1787 1047 1787 942 1809 913 1812 888 1809 801 1787 798 1787 794 1787 791 1787 758 1809 747 1816 545 1816 534 1812 418 1787 415 1787 411 1787 408 1787 375 1812 375 1816 274 1816 274 1895"/></Shape>
	    <String CONTENT="celle. Occaſion que pluſieurs Chefs, ſuyuis de maints bons"
                    HPOS="274"
                    VPOS="1787"
                    WIDTH="2713"
                    HEIGHT="163"
                    WC="0.9948801408553946"></String>
          </TextLine>
          <TextLine ID="line_14"
                    TAGREFS="LT8"
                    BASELINE="270 2022 2994 2015" 
                    HPOS="267"
                    VPOS="1906"
                    WIDTH="2727"
                    HEIGHT="152">
            <Shape><Polygon POINTS="270 2022 270 2058 2990 2058 2994 2015 2987 1913 2911 1910 2907 1910 2904 1910 2900 1910 2900 1913 2864 1942 2719 1942 2665 1913 2654 1906 2651 1906 2647 1906 2643 1906 2629 1913 2582 1935 2362 1939 2318 1913 2311 1906 2308 1906 2304 1906 2170 1906 2167 1906 2163 1906 2159 1906 2156 1913 2120 1942 2066 1942 1939 1913 1907 1906 1903 1906 1899 1906 1885 1913 1831 1931 1791 1913 1787 1910 1784 1910 1632 1906 1629 1906 1596 1913 1459 1942 1354 1924 1350 1924 1184 1942 1159 1921 1155 1921 1152 1921 1148 1921 1145 1921 1069 1942 881 1924 877 1924 606 1942 549 1913 545 1910 541 1910 538 1910 267 1910 270 2022"/></Shape>
	    <String CONTENT="ſoldats, entreprindrent de ſe rendre maiſtres: tellement"
                    HPOS="267"
                    VPOS="1906"
                    WIDTH="2727"
                    HEIGHT="152"
                    WC="0.9915023062910352"></String>
          </TextLine>
          <TextLine ID="line_15"
                    TAGREFS="LT8"
                    BASELINE="281 2145 2997 2145" 
                    HPOS="281"
                    VPOS="2040"
                    WIDTH="2716"
                    HEIGHT="162">
            <Shape><Polygon POINTS="281 2202 408 2202 408 2199 411 2199 415 2199 447 2177 765 2195 769 2195 772 2195 776 2195 809 2177 834 2195 834 2199 837 2199 841 2199 845 2199 924 2195 1235 2177 1264 2191 1278 2199 1282 2199 1285 2199 1484 2191 1805 2177 1921 2188 2040 2199 2044 2199 2109 2184 2159 2177 2203 2184 2271 2199 2275 2202 2438 2202 2438 2199 2441 2199 2445 2199 2466 2184 2477 2177 2994 2177 2997 2145 2990 2040 2896 2061 2705 2040 2701 2040 2698 2040 2694 2040 2625 2058 2466 2043 2463 2043 2459 2043 2456 2043 2434 2061 2329 2043 2326 2043 2322 2043 2271 2061 2228 2040 2224 2040 2221 2040 2217 2040 2037 2058 2011 2040 2008 2040 2004 2040 1787 2040 1784 2040 1780 2040 1733 2065 1567 2065 1520 2040 1517 2040 1513 2040 1509 2040 1506 2040 1473 2065 1289 2065 1228 2040 1224 2040 1220 2040 1217 2040 1213 2040 1181 2065 339 2065 285 2040 281 2145 281 2202"/></Shape>
	    <String CONTENT="qu’encouragez par la preſence du Roy, &amp; de tant de Sei¬"
                    HPOS="281"
                    VPOS="2040"
                    WIDTH="2716"
                    HEIGHT="162"
                    WC="0.990146174214103"></String>
          </TextLine>
          <TextLine ID="line_16"
                    TAGREFS="LT8"
                    BASELINE="274 2271 2994 2260" 
                    HPOS="270"
                    VPOS="2191"
                    WIDTH="2724"
                    HEIGHT="138">
            <Shape><Polygon POINTS="2979 2191 2943 2191 2907 2191 2871 2191 2835 2191 2799 2191 2763 2191 2727 2191 2690 2191 2654 2191 2618 2191 2582 2191 2546 2191 2510 2191 2474 2191 2438 2191 2401 2191 2365 2191 2329 2191 2293 2191 2257 2191 2221 2191 2185 2191 2149 2191 2113 2191 2076 2191 2040 2191 2004 2191 1968 2191 1932 2191 1896 2191 1860 2191 1824 2191 1787 2191 1751 2191 1715 2191 1679 2191 1643 2191 1625 2191 270 2195 274 2271 274 2329 426 2307 809 2325 812 2325 816 2325 819 2325 841 2307 971 2321 975 2321 1181 2303 1217 2321 1220 2321 1224 2321 1452 2303 1498 2321 1502 2321 1506 2321 1600 2303 2080 2321 2084 2321 2087 2321 2149 2300 2987 2318 2994 2260 2983 2191 2979 2191"/></Shape>
	    <String CONTENT="gneurs qui l’accompagnoyent, donnerent bruſquement"
                    HPOS="270"
                    VPOS="2191"
                    WIDTH="2724"
                    HEIGHT="138"
                    WC="0.999451401233673"></String>
          </TextLine>
          <TextLine ID="line_17"
                    TAGREFS="LT8"
                    BASELINE="274 2397 2997 2386" 
                    HPOS="270"
                    VPOS="2285"
                    WIDTH="2727"
                    HEIGHT="163">
            <Shape><Polygon POINTS="274 2397 274 2430 585 2448 588 2448 902 2433 1022 2430 1033 2433 1054 2448 1058 2448 1061 2448 1065 2448 1069 2448 1101 2433 1116 2430 1134 2433 1173 2448 1177 2448 1181 2448 1184 2448 1217 2437 1242 2426 1513 2426 1527 2437 1535 2444 1538 2444 1542 2444 1545 2444 1712 2437 1961 2426 2040 2437 2080 2444 2084 2444 2087 2444 2091 2444 2094 2441 2116 2423 2376 2423 2398 2441 2401 2441 2405 2441 2409 2441 2420 2441 2521 2423 2560 2441 2564 2441 2568 2444 2994 2444 2997 2386 2987 2300 2553 2307 2535 2300 2499 2285 2495 2285 2492 2285 2401 2303 2369 2307 2355 2303 2315 2285 2311 2285 2120 2285 2116 2285 1997 2303 1950 2314 1639 2314 1629 2307 1585 2289 1582 2289 1578 2289 1574 2289 1571 2289 1549 2307 1542 2314 1336 2314 1332 2311 1307 2289 1303 2289 1300 2289 1296 2289 1293 2289 1242 2307 1184 2289 1181 2289 1177 2289 1173 2289 1112 2311 1108 2311 1090 2311 837 2293 834 2293 830 2293 762 2314 751 2314 740 2314 621 2293 617 2293 614 2293 527 2314 520 2314 516 2314 408 2293 404 2293 270 2314 274 2397"/></Shape>
	    <String CONTENT="iuſques au deſſus de la breche: mais elle fut debatue de"
                    HPOS="270"
                    VPOS="2285"
                    WIDTH="2727"
                    HEIGHT="163"
                    WC="0.9961631723812648"></String>
          </TextLine>
          <TextLine ID="line_18"
                    TAGREFS="LT8"
                    BASELINE="278 2513 2994 2520" 
                    HPOS="274"
                    VPOS="2408"
                    WIDTH="2720"
                    HEIGHT="163">
            <Shape><Polygon POINTS="278 2513 274 2542 361 2567 364 2567 368 2567 679 2549 1365 2567 1368 2567 1372 2567 1430 2549 1484 2567 1488 2567 1491 2567 1907 2553 2145 2571 2149 2571 2152 2571 2228 2553 2282 2571 2286 2571 2290 2571 2380 2553 2676 2571 2680 2571 2683 2571 2730 2553 2755 2571 2759 2571 2763 2571 2766 2571 2990 2549 2994 2520 2987 2412 2763 2415 2759 2415 2755 2415 2730 2437 2694 2412 2690 2412 2687 2412 2683 2412 2651 2412 2336 2437 2275 2415 2261 2412 2257 2412 2253 2412 2228 2415 2170 2430 2120 2415 2098 2412 2094 2412 2091 2412 2087 2412 2084 2412 2076 2419 2051 2437 2004 2419 1986 2412 1982 2412 1979 2412 1975 2412 1946 2419 1874 2437 1813 2419 1787 2412 1784 2412 1780 2412 1777 2412 1751 2419 1694 2437 1563 2423 1506 2415 1502 2415 1365 2423 1188 2433 1166 2426 1134 2408 1130 2408 1126 2408 1123 2408 1119 2408 1101 2426 1090 2433 1058 2426 993 2408 989 2408 986 2408 278 2430 278 2513"/></Shape>
	    <String CONTENT="telle hardieſſe &amp; dexterité, que les Catholiques furent en"
                    HPOS="274"
                    VPOS="2408"
                    WIDTH="2720"
                    HEIGHT="163"
                    WC="0.9815366803589514"></String>
          </TextLine>
          <TextLine ID="line_19"
                    TAGREFS="LT8"
                    BASELINE="274 2643 2997 2643" 
                    HPOS="274"
                    VPOS="2535"
                    WIDTH="2723"
                    HEIGHT="166">
            <Shape><Polygon POINTS="274 2643 274 2672 368 2693 372 2693 567 2675 581 2675 585 2675 646 2697 650 2697 653 2697 805 2675 827 2675 856 2675 1004 2693 1007 2693 1011 2693 1054 2679 1065 2675 1098 2679 1213 2693 1217 2693 1329 2679 1379 2675 1390 2679 1415 2697 1419 2697 1423 2697 1426 2701 1567 2701 1567 2697 1571 2697 1574 2697 1596 2683 1607 2675 1636 2683 1694 2697 1697 2697 1701 2697 1704 2697 1740 2683 1766 2675 1787 2683 1827 2697 1831 2697 1834 2697 1838 2697 1842 2697 1863 2683 1878 2675 1932 2686 2011 2697 2015 2701 2192 2701 2192 2697 2196 2697 2217 2686 2239 2675 2344 2686 2434 2697 2438 2697 2532 2690 2669 2675 2994 2690 2997 2643 2990 2535 2918 2560 2853 2535 2849 2535 2846 2535 2842 2535 2817 2535 2654 2553 2629 2538 2625 2535 2622 2535 2618 2535 2615 2535 2611 2535 2600 2538 2553 2556 2506 2542 2503 2542 2499 2542 2495 2542 2492 2542 2466 2560 2391 2542 2387 2542 2383 2542 2380 2542 2311 2560 2290 2542 2282 2535 2279 2535 2275 2535 2271 2535 2203 2542 2120 2553 2102 2542 2084 2535 2080 2535 2076 2535 1903 2545 1791 2553 1780 2545 1769 2538 1766 2538 1762 2538 1759 2538 1755 2538 1719 2549 1668 2560 1556 2549 1401 2535 1397 2535 1394 2535 1390 2535 1365 2553 1354 2560 1293 2553 1177 2538 1173 2538 1170 2538 1116 2553 1098 2560 1083 2556 1040 2538 1036 2538 1033 2538 1029 2538 964 2556 946 2560 928 2556 834 2535 830 2535 827 2535 823 2535 787 2556 780 2563 458 2563 444 2563 321 2535 317 2535 314 2535 310 2535 274 2556 274 2643"/></Shape>
	    <String CONTENT="fin contraints de ſe retirer. Les Proteſtans y perdirent"
                    HPOS="274"
                    VPOS="2535"
                    WIDTH="2723"
                    HEIGHT="166"
                    WC="0.9984675049781799"></String>
          </TextLine>
          <TextLine ID="line_20"
                    TAGREFS="LT8"
                    BASELINE="278 2758 2987 2769" 
                    HPOS="278"
                    VPOS="2657"
                    WIDTH="2709"
                    HEIGHT="148">
            <Shape><Polygon POINTS="278 2758 278 2805 2983 2802 2987 2769 2972 2665 2936 2690 2907 2675 2904 2675 2900 2675 2680 2693 2586 2665 2582 2665 2578 2665 2575 2665 2564 2665 2391 2693 2224 2665 2217 2665 2214 2665 2210 2665 2206 2665 2098 2693 2015 2665 2004 2661 2001 2661 1997 2661 1961 2665 1845 2679 1791 2665 1780 2661 1777 2661 1773 2661 1769 2661 1755 2665 1657 2693 1437 2693 1405 2665 1401 2661 1397 2661 1394 2661 1390 2661 1387 2661 1376 2665 1278 2690 1061 2690 1014 2665 1000 2657 996 2657 993 2657 957 2665 874 2679 823 2665 805 2657 801 2657 798 2657 794 2657 776 2665 718 2683 642 2665 632 2661 628 2661 624 2661 621 2661 617 2661 617 2665 577 2686 278 2665 278 2758"/></Shape>
	    <String CONTENT="beaucoup des leurs, tant pour la fureur des pieces, que"
                    HPOS="278"
                    VPOS="2657"
                    WIDTH="2709"
                    HEIGHT="148"
                    WC="0.9829727400432934"></String>
          </TextLine>
          <TextLine ID="line_21"
                    TAGREFS="LT8"
                    BASELINE="274 2888 2983 2881" 
                    HPOS="270"
                    VPOS="2780"
                    WIDTH="2713"
                    HEIGHT="159">
            <Shape><Polygon POINTS="274 2888 274 2925 1704 2935 1708 2935 1737 2932 1827 2917 1852 2932 1856 2935 1860 2935 1863 2935 1867 2935 1871 2935 1881 2932 1928 2917 2011 2932 2029 2935 2033 2935 2037 2935 2044 2932 2084 2917 2116 2935 2120 2935 2123 2935 2127 2939 2452 2939 2452 2935 2466 2935 2589 2917 2640 2935 2643 2935 2647 2939 2979 2939 2983 2881 2979 2809 2940 2787 2936 2787 2932 2787 2929 2787 2889 2809 2604 2809 2466 2780 2463 2780 2459 2780 2391 2805 2318 2780 2315 2780 2311 2780 2188 2805 2178 2805 2058 2805 2011 2805 1982 2780 1979 2780 1975 2780 1972 2780 1834 2805 1820 2805 1816 2802 1791 2784 1787 2784 1784 2784 1639 2780 1636 2780 1632 2780 1629 2780 1592 2802 1578 2813 1517 2813 1506 2802 1484 2784 1480 2784 1477 2784 1473 2784 1470 2784 1423 2802 1408 2805 1365 2802 1206 2784 1202 2784 1199 2784 1163 2802 1145 2809 1047 2802 877 2784 874 2784 870 2784 819 2798 780 2813 718 2813 704 2798 686 2784 682 2784 679 2784 675 2784 671 2784 621 2798 581 2809 270 2798 274 2888"/></Shape>
	    <String CONTENT="des coups de main. Mais les Catholiques y firẽt beaucour"
                    HPOS="270"
                    VPOS="2780"
                    WIDTH="2713"
                    HEIGHT="159"
                    WC="0.9673601692182976"></String>
          </TextLine>
          <TextLine ID="line_22"
                    TAGREFS="LT8"
                    BASELINE="274 3015 2994 3015" 
                    HPOS="274"
                    VPOS="2906"
                    WIDTH="2720"
                    HEIGHT="167">
            <Shape><Polygon POINTS="274 3015 274 3073 632 3073 632 3069 642 3069 758 3047 830 3065 841 3069 845 3069 848 3069 884 3065 1047 3051 1170 3065 1213 3069 1217 3069 1220 3069 1231 3065 1264 3047 1300 3065 1311 3069 1314 3069 1318 3069 1347 3065 1419 3047 1816 3047 1838 3062 1849 3069 1852 3069 1856 3069 1860 3069 1946 3058 2051 3047 2084 3058 2109 3069 2113 3069 2116 3069 2210 3058 2304 3047 2398 3058 2488 3065 2492 3065 2571 3055 2636 3047 2651 3055 2680 3069 2683 3069 2687 3069 2994 3051 2994 3015 2994 2935 2752 2906 2748 2906 2481 2925 2365 2906 2362 2906 2358 2906 2300 2935 2098 2935 2044 2910 2040 2910 2037 2910 2033 2910 2029 2910 2004 2932 1975 2906 1972 2906 1968 2906 1964 2906 1827 2925 1802 2906 1798 2906 1795 2906 1412 2906 1408 2906 1235 2932 1116 2906 1112 2906 1108 2906 1025 2935 856 2935 776 2906 772 2906 769 2906 765 2906 707 2935 422 2935 339 2906 335 2906 332 2906 328 2906 274 2932 274 3015"/></Shape>
	    <String CONTENT="plus grande perte, &amp; en demeura pluſieurs eſtendus ſur le"
                    HPOS="274"
                    VPOS="2906"
                    WIDTH="2720"
                    HEIGHT="167"
                    WC="0.9987872755318358"></String>
          </TextLine>
          <TextLine ID="line_23"
                    TAGREFS="LT8"
                    BASELINE="274 3138 2994 3130" 
                    HPOS="270"
                    VPOS="3029"
                    WIDTH="2724"
                    HEIGHT="148">
            <Shape><Polygon POINTS="274 3138 274 3177 2990 3166 2994 3130 2983 3036 2817 3047 2763 3036 2719 3029 2716 3029 2712 3029 2708 3029 2698 3036 2683 3047 2604 3040 2513 3029 2510 3029 2506 3029 2503 3029 2488 3040 2474 3051 2438 3040 2398 3029 2394 3029 2391 3029 2250 3040 2145 3051 2080 3044 1964 3029 1961 3029 1957 3029 1954 3029 1932 3044 1921 3055 1643 3055 1600 3047 1441 3033 1437 3033 1354 3051 1332 3055 1325 3051 1300 3033 1296 3033 1293 3033 1289 3033 1285 3033 1217 3051 1206 3055 1202 3051 1170 3033 1166 3033 1163 3033 1159 3033 1155 3033 1090 3055 1079 3055 1065 3055 924 3033 921 3033 917 3033 913 3033 881 3055 877 3058 762 3058 386 3058 339 3033 335 3033 332 3033 328 3033 270 3055 274 3138"/></Shape>
	    <String CONTENT="fond, &amp; pendant du foſſé; ce qui occaſionna les Catholi¬"
                    HPOS="270"
                    VPOS="3029"
                    WIDTH="2724"
                    HEIGHT="148"
                    WC="0.9902810119746024"></String>
          </TextLine>
          <TextLine ID="line_24"
                    TAGREFS="LT8"
                    BASELINE="281 3257 2994 3264" 
                    HPOS="278"
                    VPOS="3156"
                    WIDTH="2716"
                    HEIGHT="151">
            <Shape><Polygon POINTS="281 3257 278 3300 2987 3307 2994 3264 2987 3163 2777 3181 2755 3163 2752 3159 2748 3159 2745 3159 2568 3159 2564 3159 2535 3166 2434 3188 2387 3166 2373 3159 2369 3159 2365 3159 2362 3159 2336 3166 2290 3181 2253 3166 2232 3159 2228 3159 2224 3159 2178 3166 2069 3188 1950 3170 1881 3159 1878 3159 1816 3170 1726 3188 1683 3170 1639 3156 1636 3156 1632 3156 1390 3174 1242 3185 1224 3174 1188 3156 1184 3156 1181 3156 1177 3156 1173 3156 1152 3177 1137 3188 939 3188 924 3177 895 3159 892 3159 888 3159 884 3159 881 3159 834 3177 830 3181 827 3177 794 3156 791 3156 787 3156 783 3156 780 3156 733 3181 722 3185 642 3181 447 3166 444 3166 281 3181 281 3257"/></Shape>
	    <String CONTENT="ques, veu la perte de tant de braues guerriers, qui ne tour"
                    HPOS="278"
                    VPOS="3156"
                    WIDTH="2716"
                    HEIGHT="151"
                    WC="0.9918245238772894"></String>
          </TextLine>
          <TextLine ID="line_25"
                    TAGREFS="LT8"
                    BASELINE="281 3387 3001 3387" 
                    HPOS="281"
                    VPOS="3282"
                    WIDTH="2720"
                    HEIGHT="166">
            <Shape><Polygon POINTS="281 3387 281 3426 606 3445 610 3445 614 3445 668 3426 697 3419 736 3426 823 3445 827 3448 1065 3448 1065 3445 1069 3445 1119 3426 1141 3419 1321 3419 1376 3426 1524 3445 1527 3445 1531 3445 1585 3423 1603 3419 1889 3419 1914 3423 2011 3445 2015 3445 2019 3445 2094 3423 2109 3419 2123 3423 2185 3445 2188 3445 2192 3448 2344 3448 2344 3445 2438 3423 2456 3419 2481 3423 2582 3437 2586 3437 2589 3437 2593 3437 2615 3423 2618 3419 2633 3423 2716 3437 2719 3437 2806 3419 2820 3419 2831 3419 2911 3445 2914 3445 2918 3445 2922 3445 3001 3419 3001 3387 2997 3286 2882 3300 2839 3286 2831 3282 2828 3282 2513 3282 2510 3282 2506 3282 2503 3282 2503 3286 2474 3307 2326 3307 2279 3286 2271 3282 2268 3282 2264 3282 2261 3282 2246 3286 2174 3304 2134 3286 2127 3282 2123 3282 2120 3282 2116 3282 2102 3286 2033 3304 1957 3286 1936 3282 1932 3282 1553 3286 1549 3286 1545 3286 1527 3304 1502 3286 1498 3282 1495 3282 1491 3282 1358 3282 1354 3282 1350 3282 1347 3282 1343 3286 1321 3304 1238 3286 1210 3282 1112 3282 1108 3282 1105 3282 1101 3282 1098 3286 1076 3304 281 3289 281 3387"/></Shape>
	    <String CONTENT="noit qu’au preiudice de ſa Maieſté, d’eſſayer les tenans"
                    HPOS="281"
                    VPOS="3282"
                    WIDTH="2720"
                    HEIGHT="166"
                    WC="0.9892882746562623"></String>
          </TextLine>
          <TextLine ID="line_26"
                    TAGREFS="LT8"
                    BASELINE="278 3513 2994 3506" 
                    HPOS="274"
                    VPOS="3408"
                    WIDTH="2720"
                    HEIGHT="152">
            <Shape><Polygon POINTS="278 3513 278 3560 364 3542 679 3542 718 3560 722 3560 726 3560 729 3560 751 3560 957 3542 1582 3556 1650 3556 1654 3556 1657 3556 1661 3556 1694 3538 1777 3556 1787 3556 1791 3556 1795 3556 1798 3556 1852 3538 2990 3549 2994 3506 2990 3426 2958 3408 2954 3408 2950 3408 2947 3408 2846 3426 2672 3408 2669 3408 2665 3408 2618 3430 2615 3430 2582 3408 2578 3408 2575 3408 2571 3408 2568 3408 2488 3426 2358 3408 2355 3408 2351 3408 2347 3408 2318 3430 2311 3434 2203 3434 2199 3430 2178 3408 2174 3408 2170 3408 2167 3408 1946 3426 1910 3430 1907 3426 1878 3408 1874 3408 1871 3408 1657 3408 1654 3408 1650 3408 1614 3426 1600 3437 1134 3437 1098 3426 1033 3412 1029 3412 935 3426 884 3434 859 3426 823 3412 819 3412 816 3412 718 3426 653 3434 274 3426 278 3513"/></Shape>
	    <String CONTENT="par autre plus douce voye. Meſme Biron en eſcriuit au"
                    HPOS="274"
                    VPOS="3408"
                    WIDTH="2720"
                    HEIGHT="152"
                    WC="0.9995004186090434"></String>
          </TextLine>
          <TextLine ID="line_27"
                    TAGREFS="LT8"
                    BASELINE="281 3632 2990 3629" 
                    HPOS="278"
                    VPOS="3524"
                    WIDTH="2712"
                    HEIGHT="166">
            <Shape><Polygon POINTS="281 3632 281 3665 379 3686 382 3686 516 3668 538 3665 559 3668 668 3686 671 3686 675 3686 747 3668 765 3665 812 3668 982 3683 986 3683 989 3683 993 3683 1014 3668 1022 3665 1029 3668 1076 3686 1079 3686 1083 3690 1202 3690 1202 3686 1206 3686 1210 3686 1231 3668 1235 3665 1242 3668 1285 3686 1289 3686 1293 3686 1397 3668 1412 3668 1419 3668 1459 3686 1462 3686 1466 3686 1773 3672 1899 3665 1928 3672 1990 3686 1993 3686 1997 3686 2069 3672 2105 3665 2221 3672 2441 3686 2445 3686 2524 3672 2571 3665 2676 3672 2839 3686 2842 3686 2987 3672 2990 3629 2983 3553 2813 3524 2362 3524 2358 3524 2355 3524 2293 3553 2131 3553 2076 3524 2073 3524 2069 3524 2066 3524 2062 3524 2029 3553 1954 3553 1903 3524 1899 3524 1896 3524 1892 3524 1889 3524 1852 3553 1784 3553 1679 3524 1675 3524 1672 3524 1668 3524 1618 3553 1423 3553 1376 3528 1372 3528 1368 3528 1083 3549 939 3524 935 3524 805 3553 541 3553 346 3524 343 3524 339 3524 278 3549 281 3632"/></Shape>
	    <String CONTENT="Capitaine Piles, pour luy perſuader de rendre la ville au"
                    HPOS="278"
                    VPOS="3524"
                    WIDTH="2712"
                    HEIGHT="166"
                    WC="0.9932852397885239"></String>
          </TextLine>
          <TextLine ID="line_28"
                    TAGREFS="LT8"
                    BASELINE="299 3755 2979 3755" 
                    HPOS="299"
                    VPOS="3650"
                    WIDTH="2680"
                    HEIGHT="166">
            <Shape><Polygon POINTS="299 3755 299 3791 455 3813 458 3813 729 3795 776 3795 816 3798 978 3813 982 3813 1051 3798 1076 3795 1123 3798 1235 3813 1238 3813 1296 3802 1325 3795 1358 3802 1401 3813 1405 3813 1408 3816 1697 3816 1697 3813 1701 3813 1704 3813 1712 3806 1722 3795 1740 3806 1759 3813 1762 3813 1766 3813 1834 3806 1932 3795 2037 3806 2094 3813 2098 3813 2145 3809 2257 3795 2976 3813 2979 3755 2979 3668 2943 3650 2940 3650 2936 3650 2932 3650 2792 3668 2763 3650 2759 3650 2755 3650 2326 3650 2322 3650 2318 3650 2315 3650 2286 3672 2282 3676 2178 3676 2174 3672 2138 3650 2134 3650 2131 3650 2127 3650 2123 3650 2048 3672 2044 3672 2040 3672 1986 3650 1982 3650 1979 3650 1975 3650 1903 3672 1896 3672 1889 3672 1842 3654 1838 3654 1834 3654 1831 3654 1787 3668 1777 3672 1769 3668 1712 3654 1708 3654 1704 3654 1701 3654 1650 3668 1639 3676 1412 3676 1405 3668 1390 3654 1387 3654 1383 3654 1379 3654 1311 3668 1303 3668 1278 3650 1275 3650 1271 3650 1267 3650 1264 3650 1224 3668 1213 3672 1170 3668 1043 3650 1040 3650 957 3665 921 3672 830 3665 646 3650 642 3650 639 3650 610 3665 599 3668 299 3665 299 3755"/></Shape>
	    <String CONTENT="Roy : l’auertiſſant de la prinſe de Luſignen, &amp; Saintes:"
                    HPOS="299"
                    VPOS="3650"
                    WIDTH="2680"
                    HEIGHT="166"
                    WC="0.9986417687364987"></String>
          </TextLine>
          <TextLine ID="line_29"
                    TAGREFS="LT8"
                    BASELINE="274 3881 2987 3874" 
                    HPOS="270"
                    VPOS="3780"
                    WIDTH="2717"
                    HEIGHT="152">
            <Shape><Polygon POINTS="274 3881 274 3918 545 3932 549 3932 552 3932 556 3932 574 3918 581 3914 733 3914 769 3918 881 3932 884 3932 953 3918 968 3914 986 3918 1047 3932 1051 3932 1054 3932 1058 3932 1101 3918 1108 3914 1484 3914 1498 3914 1610 3932 1614 3932 1618 3932 1661 3914 1672 3910 1704 3914 1824 3928 1827 3928 2131 3910 2188 3910 2257 3910 2723 3928 2727 3928 2983 3907 2987 3874 2979 3806 2849 3780 2846 3780 2611 3798 2557 3784 2553 3784 2550 3784 2546 3784 2542 3784 2517 3802 2513 3802 2499 3802 2239 3780 2235 3780 2232 3780 2167 3802 2156 3806 1860 3806 1852 3798 1809 3780 1805 3780 1802 3780 1798 3780 1744 3798 1740 3798 1722 3798 1517 3788 1513 3788 1509 3788 1506 3788 1491 3798 1480 3806 1430 3798 1340 3784 1336 3784 1256 3798 1206 3806 1170 3798 1126 3784 1123 3784 1119 3784 1116 3784 1087 3795 1061 3809 747 3809 726 3795 711 3784 707 3784 704 3784 700 3784 599 3795 487 3806 270 3795 274 3881"/></Shape>
	    <String CONTENT="&amp; que Cognac ne valoit mieux que rendu: que ſeul il re¬"
                    HPOS="270"
                    VPOS="3780"
                    WIDTH="2717"
                    HEIGHT="152"
                    WC="0.9693366289138794"></String>
          </TextLine>
          <TextLine ID="line_30"
                    TAGREFS="LT8"
                    BASELINE="274 4001 2972 4008" 
                    HPOS="270"
                    VPOS="3892"
                    WIDTH="2702"
                    HEIGHT="159">
            <Shape><Polygon POINTS="274 4001 270 4048 2965 4051 2972 4008 2969 3932 2748 3932 2741 3928 2683 3900 2680 3900 2676 3900 2398 3918 2347 3900 2344 3900 2340 3900 2336 3900 2282 3921 2257 3928 2203 3918 2098 3900 2094 3900 2091 3900 2087 3900 2066 3918 2055 3928 1762 3928 1730 3910 1704 3900 1701 3900 1697 3900 1694 3900 1665 3910 1621 3928 1553 3910 1517 3900 1513 3900 1509 3900 1470 3907 1401 3925 1368 3907 1354 3896 1350 3896 1347 3896 1343 3896 1340 3896 1307 3907 1275 3918 1235 3903 1210 3896 1206 3896 1202 3896 1159 3903 1116 3914 1101 3903 1094 3896 1090 3896 1087 3896 913 3896 910 3896 906 3896 895 3900 823 3925 552 3907 549 3907 433 3925 274 3892 274 4001"/></Shape>
	    <String CONTENT="ſteroit au milieu de l’armee &amp; pays des Catholiques,"
                    HPOS="270"
                    VPOS="3892"
                    WIDTH="2702"
                    HEIGHT="159"
                    WC="0.9880456465941209"></String>
          </TextLine>
          <TextLine ID="line_31"
                    TAGREFS="LT8"
                    BASELINE="267 4131 2983 4120" 
                    HPOS="263"
                    VPOS="4019"
                    WIDTH="2720"
                    HEIGHT="162">
            <Shape><Polygon POINTS="267 4131 267 4181 400 4163 469 4181 473 4181 476 4181 585 4163 1314 4178 1318 4178 1321 4178 1325 4178 1354 4160 1636 4178 1639 4181 2076 4181 2076 4178 2080 4178 2087 4178 2156 4160 2694 4174 2770 4174 2774 4174 2777 4174 2781 4174 2813 4156 2976 4170 2983 4120 2965 4019 2925 4044 2853 4022 2849 4022 2846 4022 2600 4044 2474 4022 2470 4022 2466 4022 2463 4022 2430 4048 2261 4048 2239 4026 2235 4026 2232 4026 2228 4026 2224 4026 2178 4048 1798 4048 1730 4022 1726 4022 1722 4022 1719 4022 1657 4048 1592 4019 1589 4019 1585 4019 1582 4019 1542 4019 1285 4037 1181 4019 1163 4019 1159 4019 1022 4019 1004 4022 1000 4022 917 4051 834 4022 830 4022 827 4022 617 4051 263 4022 267 4131"/></Shape>
	    <String CONTENT="ſans prouiſion de bouche ne de munitions: ſans eſpoir"
                    HPOS="263"
                    VPOS="4019"
                    WIDTH="2720"
                    HEIGHT="162"
                    WC="0.9997586675410001"></String>
          </TextLine>
          <TextLine ID="line_32"
                    TAGREFS="LT8"
                    BASELINE="278 4246 2987 4253" 
                    HPOS="274"
                    VPOS="4149"
                    WIDTH="2713"
                    HEIGHT="155">
            <Shape><Polygon POINTS="278 4246 274 4286 2271 4304 2275 4304 2423 4286 2430 4286 2434 4286 2680 4304 2683 4304 2687 4304 2727 4286 2766 4304 2770 4304 2774 4304 2983 4282 2987 4253 2979 4156 1827 4178 1744 4163 1683 4152 1679 4152 1675 4152 1654 4163 1629 4178 1578 4163 1517 4149 1513 4149 1509 4149 1506 4149 1470 4163 1448 4178 1007 4178 986 4167 921 4149 917 4149 913 4149 910 4149 906 4149 881 4170 874 4178 509 4178 502 4170 458 4149 455 4149 332 4149 328 4149 325 4149 278 4170 278 4246"/></Shape>
	    <String CONTENT="de ſecours, d’autant que les Princes auoyent ia paſſé la"
                    HPOS="274"
                    VPOS="4149"
                    WIDTH="2713"
                    HEIGHT="155"
                    WC="0.9980309678797137"></String>
          </TextLine>
          <TextLine ID="line_33"
                    TAGREFS="LT8"
                    BASELINE="281 4376 2983 4376" 
                    HPOS="281"
                    VPOS="4275"
                    WIDTH="2702"
                    HEIGHT="155">
            <Shape><Polygon POINTS="281 4376 281 4427 621 4409 736 4427 744 4427 747 4427 751 4427 837 4409 1087 4427 1112 4427 1116 4427 1148 4427 1415 4409 1466 4427 1473 4427 1477 4427 1480 4430 1636 4430 1636 4427 1639 4427 1643 4427 1643 4423 1668 4409 1766 4423 1787 4427 1791 4427 1809 4423 1889 4409 1936 4423 1946 4427 1950 4427 1954 4427 1957 4427 1968 4423 2011 4409 2069 4423 2084 4427 2087 4427 2091 4427 2113 4423 2192 4409 2315 4423 2355 4427 2358 4427 2391 4423 2481 4409 2979 4420 2983 4376 2976 4275 2925 4300 2828 4282 2824 4282 2741 4300 2705 4275 2701 4275 2698 4275 2694 4275 2690 4275 2643 4300 2568 4275 2564 4275 2560 4275 2553 4275 2391 4300 2318 4275 2315 4275 2311 4275 2308 4275 2210 4297 2178 4275 2174 4275 2170 4275 1950 4275 1946 4275 1943 4275 1824 4300 1719 4275 1715 4275 1712 4275 1708 4275 1704 4275 1672 4304 1137 4304 1094 4275 1090 4275 1087 4275 910 4275 906 4275 902 4275 899 4275 859 4304 617 4304 545 4275 541 4275 538 4275 534 4275 433 4300 400 4275 397 4275 393 4275 281 4275 281 4376"/></Shape>
	    <String CONTENT="Dordone : l’aſſeurant que luy &amp; les ſiens ſeroyent"
                    HPOS="281"
                    VPOS="4275"
                    WIDTH="2702"
                    HEIGHT="155"
                    WC="0.9974259185791016"></String>
          </TextLine>
          <TextLine ID="line_34"
                    TAGREFS="LT8"
                    BASELINE="278 4499 2994 4492" 
                    HPOS="274"
                    VPOS="4391"
                    WIDTH="2720"
                    HEIGHT="166">
            <Shape><Polygon POINTS="278 4499 285 4553 314 4535 664 4535 726 4553 729 4553 733 4553 736 4557 736 4553 740 4553 744 4553 805 4535 863 4553 866 4553 870 4553 874 4553 946 4553 1459 4535 1589 4553 1607 4553 1610 4553 1614 4553 1618 4553 1639 4535 1733 4550 1737 4550 1863 4531 1936 4550 1939 4550 1943 4553 2990 4553 2994 4492 2987 4423 2535 4423 2517 4416 2409 4391 2405 4391 2304 4416 2279 4420 2246 4416 2120 4391 2116 4391 2019 4412 1986 4420 1975 4412 1950 4391 1946 4391 1943 4391 1939 4391 1936 4391 1860 4412 1824 4420 1791 4409 1733 4391 1730 4391 1726 4391 1722 4391 1668 4409 1625 4423 1509 4409 1408 4394 1405 4394 1246 4405 1134 4412 1108 4405 1083 4394 1079 4394 1076 4394 1072 4394 1051 4405 1014 4420 765 4420 729 4401 715 4394 711 4394 707 4394 274 4394 278 4499"/></Shape>
	    <String CONTENT="receuz à compoſition ſi honneſte, qu’ils n’auroyent oc¬"
                    HPOS="274"
                    VPOS="4391"
                    WIDTH="2720"
                    HEIGHT="166"
                    WC="0.9880371796233314"></String>
          </TextLine>
          <TextLine ID="line_35"
                    TAGREFS="LT8"
                    BASELINE="278 4622 2987 4622" 
                    HPOS="278"
                    VPOS="4521"
                    WIDTH="2709"
                    HEIGHT="155">
            <Shape><Polygon POINTS="278 4622 278 4676 437 4658 498 4676 502 4676 505 4676 509 4676 567 4658 863 4676 866 4676 1040 4658 1444 4658 1466 4676 1470 4676 1473 4676 1477 4676 1488 4676 2878 4658 2983 4676 2987 4622 2983 4531 2705 4546 2676 4531 2654 4521 2651 4521 2510 4521 2506 4521 2503 4521 2499 4521 2485 4531 2463 4550 2394 4550 2344 4535 2293 4521 2290 4521 2286 4521 2098 4535 1968 4546 1936 4535 1889 4521 1885 4521 1881 4521 1878 4521 1874 4521 1856 4539 1842 4550 1441 4550 1423 4539 1372 4521 1368 4521 1365 4521 1361 4521 1307 4542 1289 4546 1267 4542 1181 4521 1177 4521 1173 4521 1112 4539 964 4521 960 4521 957 4521 953 4521 928 4542 921 4550 859 4550 856 4546 827 4521 823 4521 819 4521 411 4521 408 4521 278 4546 278 4622"/></Shape>
	    <String CONTENT="caſion de ſe plaindre. Ces remonſtrances diuerſifierent,"
                    HPOS="278"
                    VPOS="4521"
                    WIDTH="2709"
                    HEIGHT="155"
                    WC="0.9978968139205661"></String>
          </TextLine>
          <TextLine ID="line_36"
                    TAGREFS="LT8"
                    BASELINE="278 4745 2954 4737" 
                    HPOS="274"
                    VPOS="4640"
                    WIDTH="2680"
                    HEIGHT="166">
            <Shape><Polygon POINTS="278 4745 278 4781 346 4799 350 4799 484 4781 498 4781 502 4781 534 4802 538 4802 541 4802 545 4802 549 4802 552 4802 574 4781 577 4781 791 4781 794 4781 863 4802 866 4802 870 4802 874 4802 913 4781 939 4799 942 4799 946 4799 949 4799 1112 4781 1116 4781 1145 4802 1148 4802 1152 4802 1155 4806 1253 4806 1253 4802 1423 4781 1426 4781 1596 4802 1600 4802 1603 4802 1607 4802 1636 4781 2633 4799 2636 4799 2950 4773 2954 4737 2947 4665 2792 4643 2788 4643 2629 4661 2600 4665 2593 4661 2550 4643 2546 4643 2542 4643 2539 4643 2535 4643 2506 4661 2499 4669 2300 4669 2293 4661 2268 4640 2264 4640 2261 4640 2257 4640 2159 4661 2138 4665 2127 4661 2073 4640 2069 4640 1990 4640 1986 4640 1982 4640 1979 4640 1950 4661 1943 4665 1914 4661 1802 4640 1798 4640 1610 4661 1520 4669 1470 4658 1387 4643 1224 4643 1220 4643 1217 4643 1213 4643 1195 4658 1181 4672 711 4672 675 4658 632 4643 628 4643 624 4643 274 4654 278 4745"/></Shape>
	    <String CONTENT="&amp; deſcouragerent pluſieurs d’eux, qui euſſent volontiers"
                    HPOS="274"
                    VPOS="4640"
                    WIDTH="2680"
                    HEIGHT="166"
                    WC="0.9964473417827061"></String>
          </TextLine>
          <TextLine ID="line_37"
                    TAGREFS="LT8"
                    BASELINE="281 4871 2979 4864" 
                    HPOS="278"
                    VPOS="4763"
                    WIDTH="2701"
                    HEIGHT="162">
            <Shape><Polygon POINTS="281 4871 281 4925 400 4903 458 4921 462 4921 465 4921 469 4921 538 4903 1148 4903 1224 4921 1235 4921 1238 4921 1242 4921 1246 4921 1271 4903 1585 4903 1607 4918 1614 4925 1618 4925 1621 4925 1625 4925 1683 4918 1795 4900 1842 4918 1856 4921 1860 4921 1863 4921 1867 4921 1885 4914 1939 4900 1997 4914 2022 4921 2026 4921 2029 4925 2199 4925 2199 4921 2203 4921 2221 4914 2250 4900 2369 4914 2452 4921 2456 4921 2979 4907 2979 4864 2969 4770 2763 4788 2730 4770 2712 4763 2708 4763 2575 4763 2571 4763 2466 4773 2340 4788 2322 4773 2308 4763 2304 4763 2300 4763 2214 4763 2210 4763 2206 4763 2156 4777 2116 4791 1867 4791 1852 4781 1831 4766 1827 4766 1824 4766 1679 4763 1675 4763 1672 4763 1629 4784 1607 4795 1401 4795 1372 4784 1296 4766 1293 4766 1289 4766 1137 4788 1105 4791 1098 4788 1065 4766 1061 4766 1058 4766 884 4766 881 4766 747 4791 744 4791 740 4791 675 4766 671 4766 451 4766 447 4766 278 4795 281 4871"/></Shape>
	    <String CONTENT="preſté l’oreille à vne honorable compoſition, veu le peu"
                    HPOS="278"
                    VPOS="4763"
                    WIDTH="2701"
                    HEIGHT="162"
                    WC="0.9978885342334879"></String>
          </TextLine>
          <TextLine ID="line_38"
                    TAGREFS="LT8"
                    BASELINE="281 4997 2972 4990" 
                    HPOS="278"
                    VPOS="4889"
                    WIDTH="2694"
                    HEIGHT="141">
            <Shape><Polygon POINTS="281 4997 281 5026 2965 5030 2972 4990 2965 4918 2774 4918 2774 4914 2723 4893 2719 4893 2716 4893 2542 4914 2528 4914 2521 4914 2441 4889 2438 4889 2434 4889 2336 4914 2322 4918 1914 4918 1903 4911 1852 4889 1849 4889 1845 4889 1842 4889 1795 4911 1780 4918 1618 4921 1340 4921 1325 4907 1307 4893 1303 4893 1300 4893 1177 4893 1173 4893 1170 4893 1166 4893 1152 4907 1137 4918 1083 4907 1022 4893 801 4893 798 4893 744 4903 679 4921 581 4921 556 4903 541 4893 538 4893 534 4893 530 4893 278 4900 281 4997"/></Shape>
	    <String CONTENT="d’hõmes, &amp; la faute de toutes munitions qu’ils auoyent."
                    HPOS="278"
                    VPOS="4889"
                    WIDTH="2694"
                    HEIGHT="141"
                    WC="0.9979735304202352"></String>
          </TextLine>
          <TextLine ID="line_39"
                    TAGREFS="LT8"
                    BASELINE="288 5116 2976 5109" 
                    HPOS="285"
                    VPOS="5008"
                    WIDTH="2691"
                    HEIGHT="145">
            <Shape><Polygon POINTS="288 5116 288 5153 2972 5142 2976 5109 2965 5008 2784 5012 2781 5012 2727 5041 2647 5008 2643 5008 2640 5008 2636 5008 2492 5044 2311 5044 2271 5008 2268 5008 2264 5008 2185 5008 2181 5008 2178 5008 2174 5008 2174 5012 2149 5033 2073 5008 2069 5008 2066 5008 2062 5008 2058 5008 2055 5008 2015 5044 1845 5044 1787 5019 1784 5019 1780 5019 1621 5048 1188 5048 1112 5012 1108 5012 1105 5012 1101 5012 1018 5037 931 5012 928 5012 924 5012 921 5012 917 5012 913 5012 852 5048 765 5048 726 5012 722 5012 718 5012 498 5012 494 5012 491 5012 487 5012 458 5030 285 5015 288 5116"/></Shape>
	    <String CONTENT="Et de fait, cela donna commencement à la pratique qui"
                    HPOS="285"
                    VPOS="5008"
                    WIDTH="2691"
                    HEIGHT="145"
                    WC="0.999384551136582"></String>
          </TextLine>
          <TextLine ID="line_40"
                    TAGREFS="LT8"
                    BASELINE="281 5243 2976 5236" 
                    HPOS="278"
                    VPOS="5131"
                    WIDTH="2698"
                    HEIGHT="159">
            <Shape><Polygon POINTS="281 5243 281 5275 646 5290 650 5290 931 5275 1004 5272 1018 5275 1069 5290 1072 5290 1076 5290 1079 5290 1083 5290 1108 5275 1116 5272 1318 5272 1329 5272 1405 5290 1408 5290 1412 5290 1444 5272 1448 5272 1491 5272 1805 5286 1809 5286 1813 5286 1849 5272 1856 5268 1860 5272 1896 5286 1899 5286 1903 5286 1907 5286 1910 5286 1928 5272 1932 5268 2239 5268 2279 5268 2535 5286 2539 5286 2542 5286 2586 5268 2625 5286 2629 5286 2633 5286 2976 5265 2976 5236 2969 5163 2701 5135 2698 5135 2542 5160 2488 5131 2485 5131 2420 5131 2416 5131 2412 5131 2409 5131 2373 5160 2336 5131 2333 5131 2329 5131 2326 5131 2206 5153 2138 5131 2134 5131 1946 5131 1943 5131 1939 5131 1936 5131 1899 5160 1899 5163 1567 5163 1560 5160 1527 5135 1524 5135 1520 5135 1517 5135 1513 5135 1509 5135 1480 5160 1473 5167 1238 5167 1231 5160 1177 5135 1173 5135 1170 5135 805 5160 787 5160 780 5160 632 5135 628 5135 624 5135 570 5160 563 5163 559 5160 530 5135 527 5135 523 5135 325 5135 321 5135 317 5135 278 5153 281 5243"/></Shape>
	    <String CONTENT="fut depuis curieuſement demenee d’vn coſté &amp; d’autre."
                    HPOS="278"
                    VPOS="5131"
                    WIDTH="2698"
                    HEIGHT="159"
                    WC="0.996708459324307"></String>
          </TextLine>
          <TextLine ID="line_41"
                    TAGREFS="LT8"
                    BASELINE="292 5369 2976 5351" 
                    HPOS="288"
                    VPOS="5250"
                    WIDTH="2688"
                    HEIGHT="188">
            <Shape><Polygon POINTS="292 5369 292 5416 772 5438 776 5438 780 5438 834 5420 874 5405 1069 5420 1105 5420 1108 5420 1141 5420 1379 5402 1419 5420 1444 5431 1448 5431 1452 5431 1455 5431 1484 5420 1506 5413 1535 5420 1578 5431 1582 5431 1585 5431 1589 5431 1592 5431 1603 5420 1629 5402 1704 5402 1730 5420 1740 5431 1744 5431 1748 5431 1751 5434 1885 5434 1885 5431 1889 5431 1921 5420 1982 5398 2022 5420 2037 5427 2040 5427 2044 5431 2120 5431 2120 5427 2123 5427 2127 5427 2134 5420 2156 5402 2232 5420 2264 5427 2268 5427 2308 5420 2438 5395 2492 5416 2495 5416 2499 5416 2593 5398 2824 5416 2828 5416 2831 5416 2889 5395 2969 5420 2976 5351 2965 5275 2680 5275 2672 5275 2629 5250 2625 5250 2622 5250 2618 5250 2575 5275 2571 5275 2564 5275 2503 5254 2499 5254 2495 5254 2492 5254 2438 5275 2434 5275 2430 5275 2401 5254 2398 5254 2394 5254 2235 5254 2232 5254 2228 5254 2181 5275 2170 5279 2159 5275 2123 5254 2120 5254 2116 5254 2113 5254 2044 5275 2022 5279 2001 5275 1932 5254 1928 5254 1925 5254 1921 5254 1878 5275 1860 5283 1845 5275 1827 5261 1824 5261 1820 5261 1816 5261 1813 5261 1787 5275 1766 5286 1607 5286 1545 5275 1448 5257 1368 5257 1365 5257 1361 5257 1358 5257 1340 5275 1321 5286 1256 5275 1184 5261 1181 5261 1087 5275 1040 5279 993 5275 899 5261 895 5261 892 5261 852 5275 798 5290 288 5275 292 5369"/></Shape>
	    <String CONTENT="Car voyant les Mareſchaux que la pluſpart des tenans"
                    HPOS="288"
                    VPOS="5250"
                    WIDTH="2688"
                    HEIGHT="188"
                    WC="0.9957765959776365"></String>
          </TextLine>
        </TextBlock>
        <TextBlock HPOS="2215"
                   VPOS="5412"
                   WIDTH="400"
                   HEIGHT="159"
                   ID="block_4"
                   TAGREFS="BT17">
          <Shape><Polygon POINTS="2615 5417 2607 5571 2215 5567 2215 5412"/></Shape>
          <TextLine ID="line_42"
                    TAGREFS="LT8"
                    BASELINE="2282 5521 2427 5517" 
                    HPOS="2275"
                    VPOS="5369"
                    WIDTH="152"
                    HEIGHT="239">
            <Shape><Polygon POINTS="2282 5586 2423 5608 2427 5517 2420 5369 2275 5369 2282 5521"/></Shape>
	    <String CONTENT="19"
                    HPOS="2275"
                    VPOS="5369"
                    WIDTH="152"
                    HEIGHT="239"
                    WC="0.9866528213024139"></String>
          </TextLine>
        </TextBlock>
        <TextBlock HPOS="3018"
                   VPOS="1710"
                   WIDTH="341"
                   HEIGHT="168"
                   ID="eSc_textblock_d29bf608"
                   TAGREFS="BT2523">
          <Shape><Polygon POINTS="3018 1710 3018 1878 3233 1878 3359 1878 3359 1710"/></Shape>
          <TextLine ID="eSc_line_9941c07f"
                    TAGREFS="LT8"
                    BASELINE="3009 1783 3348 1801" 
                    HPOS="3007"
                    VPOS="1653"
                    WIDTH="341"
                    HEIGHT="192">
            <Shape><Polygon POINTS="3120 1653 3174 1690 3348 1697 3348 1801 3344 1845 3048 1845 3044 1841 3041 1841 3007 1827 3016 1653"/></Shape>
	    <String CONTENT="Aſſaus."
                    HPOS="3007"
                    VPOS="1653"
                    WIDTH="341"
                    HEIGHT="192"
                    WC="0.9990646243095398"></String>
          </TextLine>
        </TextBlock>
      </PrintSpace>
    </Page>
  </Layout>
</alto>
