1484 2071
355 138 206 43 LIVADET.

795 127 59 47 217

88 163 768 57 ils ne le reconnoiſſent, cela vient de leut malice. Car

88 210 768 48 l'inuiſible de Dieu ſe voit par la creation & effets du

90 249 764 52 monde. Outre ce ils ont de faux prophetes & abuſeurs

88 286 769 58 nommez Caraibes: leſquels allans de village en village,

90 326 759 51 leur font croire que communiquant auec les eſprits,

92 364 758 44 donnent force à qui leur plaiſt, pour vaincre leurs en¬

89 402 762 50 nemis, & font croiſtre les fruicts & racines de la ter¬

88 440 763 51 re. De trois ou quatre en quatre ans, ils font vne ſolen¬

89 478 764 48 nité ou les villages voiſins s’aſſemblent, les hommes ſe¬

90 517 764 46 parez des femmes, & elles des enfans, dix ou douze Ca¬

89 558 764 47 raibes au milieu qui murmurent: puis eſleuent leurs

92 595 756 49 voix he, he, he, he. A quoy les femmes & enfans reſpon¬

93 629 752 55 dent plus bas. Puis s’eſchauffent crians & hurlans ſi fort

93 667 762 55 qu’elles ſemblent tomber du haut mal. Puis elles & les

92 707 756 48 enfans teus: les hommes chantent d’vn accord merueil¬

92 743 758 48 leux bien que naturel, en maiſons rondes & longues

92 782 757 55 comme les treilles de bois par deça, & couuertes d’her¬

92 821 743 54 bes oubranches longues de cinquante, ſoixante, qua

90 860 758 52 tre-vints ou cent pas: la en trois ronds & nombre de

95 895 756 55 Caraibes au milieu des hommes, pres l’vn de l’autre,

92 931 762 59 ſans ſe tenir par la main ny ſans ſe bouger d’vne pla¬

94 974 762 49 ce, courbez ſur le deuant, guindans vn peu le corps, re¬

90 1010 771 55 muans la iambe & pied droit, la main droitte ſur les feſ¬

92 1048 765 54 les, le bras & main gauche pendans: danſent & chan¬

93 1084 765 57 tent vn long temps. Les Caraibes richement parez de

94 1125 763 54 bonnets & braſſelets, de belles plumes de toutes cou¬

93 1160 762 58 leurs: en chacune main vn Maraea, qui ſont ſonnettes

93 1197 761 59 faites d’vn fruit plus gros qu’vn œuf d’Auſtruche: afin

93 1235 758 59 diſent-ils, que l’eſprit parle puis apres dans icelles, & les

90 1273 760 54 font ſonner à toutes reſtes, leſquels s’auançans & ſau¬

90 1312 765 59 tans en deuant, puis reculant en arriere, remuent de pla

92 1354 762 53 te: ce que ne font les autres. Et ſouuent prenans vne

90 1389 761 58 cane de bois longue de cinq pieds, au bout y ayans de

90 1425 761 54 l'herbe Petun ſeche & allumee, en ſe tournans & ſouf¬

89 1465 761 56 ſans de toutes parts, la fumee d’icelle ſur les autres

90 1493 72 55 Sauuac

88 1539 768 61 nemis receuez tous l’eſprit de force. Ils chantent ſi

87 1578 766 52 melodieuſement d’vne voix plaintiue & comme en¬

86 1616 769 55 touee, & danſent auee telle cadence & refrain ſi iuſte à

86 1653 767 59 laballade que c’eſt merueille, finiſſans deux ou trois

86 1693 768 68 neures apres, ils frappent du pied contre terre plus fore

185 1735 122 62 Tome 2.

668 1736 81 91 EES

857 289 123 55 Acte. 14.

856 326 71 48 6h.17.

853 595 106 39 Rom.2o.

850 624 138 41 Dances des

854 659 134 35 Indiens &

846 685 142 41 leurs Feſtes.

851 742 135 49 Maiſons vi

853 780 133 42 lages & de

851 813 125 49 meure des

850 844 107 49 Indiens¬
