4304 6768
1083 97 192 203 18

2144 63 884 234 LIVRE

1072 304 2946 214 friande ſur toutes) ſe pourroyent desbander &

1083 481 2938 195 quitter parti. Il les euſt ainſi voulu vaincre ſans

1072 635 2953 218 coup fraper, ſans hazard, ſans effuſion aucune du

1076 797 966 210 ſang Eſpagnol.

1230 906 2784 259 Entrés qu’ils furent au pays de l'obeiſſance,

1083 1131 2946 192 pour n’irriter les communes & populats contre

1076 1289 2957 203 eux & augmenter leurs compagnies: publioyent

1083 1447 2938 199 par tout qu’ils ne s’eſtoyent ligués & armés que

1079 1601 2946 207 pour la manutention de la Religion, & du bien

1076 1755 2942 207 public: pour faire remettre les bannis en leurs

1072 1925 2949 199 maiſons & premiere liberté: meſmes qu’aucuns

1072 2083 2938 199 portoyent pour deuiſe, RECVPERARE AVT

1072 2240 2946 204 MORI. Tellement que ia la plus part du

1076 2395 2945 206 peuple friant de ceſte liberté couroit à eux en

1076 2556 2938 207 grand nombre, ſi qu’en peu de temps le Comte

1060 2714 2961 200 Ludouic accreu de ces forces, atta qua pluſieurs

1072 2868 2953 218 villes, partie deſquelles il rangea à ſa deuotion:

1064 3038 2961 199 entre autres fortes places il print Vedem aſſis

1072 3188 2957 218 dans vn marets, & Dam-ville qui l’auoiſine, pro¬

1072 3357 2964 207 chaine de la mer, ce qui ennuya fort le Duc: le¬

1079 3519 2961 203 quel craignant que la fortune ſe tournaſt de ce

1079 3684 2961 188 coſté, pour ne leur dõner grand loiſir de les for¬

1079 3831 2965 199 tifier & y eſtablir lieu de retraite, y enuoya le re¬

1091 3996 2949 203 giment de Sardaigne & ſon Maiſtre de cãp, trois

1083 4162 2961 203 compagnies du regiment de Lombardie, quatre

1083 4312 2968 200 cents cheuaux Eſpagnols & Italiens, le Comte

1083 4485 2961 188 de Megue auec partie de ſes troupes, & cinq com

1087 4632 2968 210 pagnies du regiment d’Aremberg: outre mil ſol¬

1083 4794 2968 206 dats que le Lieutenant du Comte y auoit aſſem¬

1083 4955 2972 177 blé à la venue des Proteſtans. Mais cela n’eſtoit

1087 5113 2972 196 ſuffiſant pour rembarrer le Comte de Nanſau

1087 5275 2976 225 qui croiſſoit en forces de iour à autre, quelque

1098 5425 2400 215 entrepriſe qu’on peuſt faire contre luy.

1264 5587 2795 350 Le Duc y enuoya le Comte d’Aremberg ſon

3638 5771 410 199 eſtoit
