2382 3368
555.0 157.0 545.0 89.0 DE FRANCE.

1536.0 166.0 63.0 97.0 70

151.0 246.0 770.0 85.0 dan de Tunes en Barbarie.

188.0 314.0 1434.0 107.0 Il n’y a dõc pas, diſent aucuns, grand’aparẽce à tel¬

151.0 419.0 1471.0 91.0 le deudecioirdd mot frilitai. Iolie que Monſtrelet

151.0 490.0 1467.0 101.0 nous parle d’vn Amiral des Arbaleſtriers, & le ſuple¬

151.0 593.0 1465.0 69.0 ment de Sigeb. de l’Amiral de Guillaume Royde Si¬

151.0 658.0 1467.0 96.0 cille. Meſmes nous l’appellons vulgairement l’Ami¬

155.0 740.0 1465.0 100.0 ral de mer: qui teſmoigne, qu’il y en a, ou a eu d’au¬

157.0 821.0 1461.0 101.0 tres. Ce qu’on ne fait du Conneſtable: encores qu’il

155.0 911.0 1463.0 101.0 en y aye d’autres & diuerſes Conneſtablies, és villes

151.0 993.0 1467.0 94.0 frontieres de ce Royaume meſmement. Y en a meſ¬

155.0 1075.0 1461.0 90.0 me qui l’oſeroient deſduire du vieil terme Gaulois

155.0 1156.0 1472.0 105.0 Armor, qui ſignifioit maritin. Occaſion que les Ro¬

155.0 1244.0 1457.0 91.0 mains venans enGaule, appellerent toutes les coſtes,

155.0 1322.0 1463.0 96.0 Tractus Armoricus: & Armoricæ Ciuitates. D’où noz

159.0 1414.0 1459.0 99.0 vieux peres Gaulois, peuuoient tirer Armoral ou

157.0 1495.0 1457.0 89.0 Amoral comme Gardien de la mer & coſtes d'i¬

157.0 1577.0 1459.0 95.0 celle. Meſme nous liſons en quelques vieux Ro¬

159.0 1669.0 1463.0 89.0 mans, dreſſez y a plus de quatre cẽs ans: qu’il y auoit

164.0 1743.0 1448.0 96.0 vn eſtat en Bretaigne, pays de Gales meſmement,

164.0 1829.0 1463.0 103.0 qui eſt preſque circuy de mer; lequel s’appelloit

164.0 1912.0 1456.0 99.0 Amoral de Gales. Il eſt fort mal-aiſé en choſe ſi an¬

164.0 1996.0 1454.0 94.0 cienne, que l’ignorance ou pareſſe des Hiſtoriogra¬

166.0 2080.0 1456.0 96.0 phes nous a caché, d’y reſoudre rien au vray. Si ie

166.0 2163.0 1450.0 93.0 ſurſoy mon auis, vn meilleur ou plus heureux iuge¬

170.0 2245.0 1448.0 95.0 ment que le mien, à du moins le chemin tout frayé,

168.0 2331.0 1454.0 105.0 pour aller par coniectures ſi diuerſes, au but d’vne

170.0 2417.0 636.0 97.0 opinion plus aſſeurée.

175.0 2492.0 1443.0 93.0 On pourroit dõc bien deſduire cõme aucunsfont:

170.0 2574.0 1457.0 101.0 le terme d’Amiral dés le temps de Charlemaigne,

175.0 2666.0 1454.0 118.0 & auparauant: par l’authorité du meſme Turpin,

1330.0 2791.0 20.0 64.0 F

1631.0 400.0 255.0 88.0 Afonſtrel.1..15.

1629.0 1115.0 262.0 76.0 Ceſar & autres

1645.0 1175.0 243.0 73.0 Grect & Lattus.

1650.0 2490.0 243.0 73.0 Turpin ch. 17.

1637.0 2546.0 258.0 66.0 & 20. de Phi¬

1635.0 2593.0 258.0 74.0 ſtoire, on plaſtoſt

1631.0 2640.0 262.0 80.0 Romãd de Char

1635.0 2685.0 155.0 93.0 lemaigne.
