4096 5992
995 276 1119 130 CINQVIEME.

2700 292 140 134 171

126 406 2541 176 Iaquelle auoir tous paſſez, (d’autant qu’aucuns Prote¬

123 552 2544 140 ſtans tenoyent les portes) furent receus de meſmes par

116 659 2554 156 les Confederez: qui ſecourus des priſonniers, auſquels ils

119 778 2541 144 auoyent ouuert les portes, renuerſerent auſſi toſt les Ca¬

116 902 2534 139 pitaines la Serre, Bourdeliere, & pluſieurs autres. Mais y

116 1008 2544 167 ſuruenans les Capitaines Bourg, Iarrie, & grand nombre

126 1131 2528 163 d’autres qui couroyent file à file, au ſecours des pre¬

119 1245 2541 169 miers: leur fallut en fin, auec la vie, quitter le chaſteau à

119 1391 2535 126 celuy qui en cuuit Gouuerneur : rors quelques vns qui

113 1478 2541 166 eniamberent ſur les murailles, pour auettir les Proteſtans

119 1594 2531 186 de la perte qu’ils auoyent fait, pour ne s’y eſtre trouuez à

119 1727 347 143 temps.

236 1794 2418 200 IE vous ay ci deuant parlé de la foigneuſe recerche

129 1934 2521 166 que la Milleraye faiſoit ſur les Proteſtans de fon Gou¬

123 2060 2547 153 uemement, pour empeſcher qu’ils ne s’eſleuaſſencou en¬

123 2177 2544 149 treprinſſent choſe à luy deſauantageuſe. Ce neantmoins

123 2286 2541 164 la pluſpart de ceux qui reſterent en leurs caſes: ſoit pour

119 2403 2545 150 leurs querelles particulieres: ſoit pour quelqu’autre occa¬

123 2526 2541 157 ſion, ne peurent demeurer à leur aiſe. Aucuns meſmes in¬

119 2639 2541 160 quietez iuſques en leurs maiſons, attribuans cela au Gou¬

116 2746 2551 160 uerneur, furent occaſion que pluſieurs de la Nobleſſe Pi¬

116 2869 2551 170 carde ſe plaignans que les Edicts, & mandemens de ſa Ma¬

119 2992 2548 153 ieſté n’eſtoyent entretenus, & qu’ils eſtoyent plus recer¬

116 3109 2551 163 chez que parauant: où pour quelqu’autre occaſion, pen¬

119 3229 2548 159 ſerent à cercher quelque lieu de refuge, pour y retenir

119 3345 2548 143 eux & leurs familes en repos, (comme ils diſoyent) ſans

119 3465 2551 156 porter les armes pour aucun des deux partis. Entr’autres

119 3571 2545 170 Cateuille s’auança des premiers: lequel pour auoir co¬

116 3691 2548 170 gnoiſſance & habitude ancienne, auec quelques vns des

116 3811 2534 173 ſoldats de la garniſon de Dieppe, entreprint d’enleuer ce¬

113 3924 2524 157 ſte ville des mains de la Cicogne, qui en eſtoit Gouuer¬

113 4044 2541 163 neur pour la Maieſté. Et là eſtablir vne retraitte aſſeuree

113 4171 2574 166 à tous ceux qui ne pouuans viure ailleurs en pleine liber¬

116 4284 1765 163 té, cercheroyent lieu pour s’y refugier.

219 4390 2435 173 De fait, ſe deſcouurit à vn Caporal de la garniſon: le¬

113 4517 2544 160 quel, nonobſtant la promeſſe, qu’il auoit de toucher en

106 4630 2551 153 brief bonne ſomme de deniers, la decela neantmoins au

109 4746 2545 220 Gouuerneur, qui ſoudain en aduertit la Milleraye: lequel

1841 4876 253 170 Y.III.

2687 3794 399 134 Entreprin¬

2687 3908 406 123 ſe de Cate¬

2690 3994 303 133 uille ſur

2694 4091 386 136 Dieppe, &

2691 4177 392 140 l'occaſion.
