4096 6554
2131 382 857 149 EPISTRE

1224 553 2769 171 comme caché & incogneu de tous: auſquelz meſmement

1220 688 2773 171 ie deſire faire quelque profit. L’excellence toutesfois, & la

1220 811 2777 183 grandeur meſme de ceux qui de leur brillant & radieux eſ¬

1224 946 2773 157 clair, obſcurciront la lueur de ma renommee, me ſera ne¬

1235 1077 1443 164 antmoins quelque reconfort.

1348 1194 2653 171 Or pour vous deſcouurir le vray but de mon entreprin¬

1224 1321 2773 164 ſe, ie rens mon hiſtoire entierement differente de toutes

1224 1449 2769 171 celles qui ont eſté miſes en lumiere par ci deuant, en trois

1224 1583 2773 161 choſes principales. Premierement en la verité qui y eſt ſi

1220 1707 2777 164 curieuſement repreſentee, que ceux qui ont aſſiſté aux

1220 1835 2777 163 maniemens, & ſuccez de nos guerres m’en pourront ren¬

1220 1958 2777 172 dre bon & ſuffiſant teſmoignage, s’ils ne ſe veulent tranſ¬

1220 2097 2773 167 porter par quelque mauuaiſe affection. Ce ſont ceux-la

1228 2224 2769 164 que i’appelle pour la iuſtification de mon œuure, & non

1220 2344 2766 161 ceux qui embouchez d’vn ouy dire, & rapport d’autruy,

1224 2475 2769 168 n’en parlent que par credit. Vous m’y trouuerez neant¬

1220 2596 2770 160 moins tel, qu’ame viuante, tant delicate & chatouilleuſe

1220 2727 2777 156 ſoit-elle, ne ſauroit m’y quereler, ne prendre tant ſoit peu

1224 2872 2769 150 d’occaſion de meſcontentement. Ie ne taxe, ie n’iniurie, ie

1224 2989 2769 160 ne nomme perſonne: ains franc de toute paſſion qui peut

1220 3109 2770 157 deſtourner aucunement de la verité, ou bien du moins ſo¬

1224 3233 2766 171 liciter l’eſprit de quelqu’autre Autheur: ie metz ſimple¬

1224 3371 2766 164 ment ce que i’ay veu & ouy, pour le plus aſſeuré, ou vray¬

1224 3502 2766 153 ſemblable. Car comme il eſt du tout impoſſible qu’vn

1220 3619 2766 164 ſeul, voire pluſieurs aſſiſtent à toutes choſes, en tout

1224 3746 2762 153 temps, & en tous lieux:faut de neceſſité, & eſt contraint

1224 3877 2755 164 de ſe fier & repoſer, & meſmes qu’il s’aſſeure au rapport,

1217 4008 2766 164 & memoires d’autruy, En quoy il fait remarquer ſa vertu

1206 4129 2773 163 & bonté de iugement, s’il peut diſcerner les vrais, ou vray¬

1198 4256 2781 171 ſemblables, des faux rapportz, & menteuſes inſtructions

1217 4387 2758 164 qu’on luy preſente. Vous iugerez du deuoir que i’y ay fait,

1209 4518 2774 164 encor qu’aucuns vouluſſent ſupprimer le diſcours des

1202 4638 2773 164 troubles, pour eſtre le ſouuenir & conſideration de nos

1202 4769 2773 164 miſeres paſſees, comme rafraiſchiſſemens de nos vieilles

1202 4893 2773 175 playes : & conſequemment (pour ne pouuoir eſtre ſi toſt

1198 5024 2774 157 conſolidees ) le moyen de nous entretenir en haine reci¬

1202 5144 2762 175 proque, qui ne pourroit en fin (comme nous allons touſ¬

1202 5268 2766 244 iours de mal en pis)que produire nouuelles factions plus

3702 5421 266 124 dan¬
