1233 2103
123 174 802 45 qui vous eſt commiſe, n'eſmounez puim de jeuilio

123 200 802 67 entre les matelots, ſupportez patiemment les in¬

122 245 802 70 cõmoditez qui y peuuẽt eſtre, entretenez paix, cõſi¬

125 292 802 67 derez qui & quels ſont ceux qui font des ſeditiõs,

128 341 798 69 & qu’elles occaſions ils en ont. Les vns faillẽt par

127 389 802 65 ignorance, mais la pluſpart peche par ambition, a¬

127 438 800 64 uarice & appetit de vengeance, maladies aiſees

128 484 802 66 à deſcouurir. L’ambition & grandeur en laquel¬

129 531 797 64 le Samoſatenus eſtoit eſleué en la cour de Zeno¬

130 577 799 66 bia, l’eſmut à ſemer des erreurs ſentans le Iudaiſ¬

132 625 800 66 me. Combien y en a-il eu du temps de Conſtantin

134 672 798 69 & de Iulian, qui ont reietté la verité, afin de ſe fai

134 719 799 67 re grands & riches? Gardons de nous laſcher la

134 766 799 70 bride à telles affections peruerſes, deſquelles Na¬

135 819 798 61 zianzene dit, Ces choſes ſont voiremẽt amiables,

137 864 796 69 & c’eſt ſuricelles que ſe fondent les ſages de ce mõ¬

139 912 799 60 de, mais quãt à moi ie m’approcheræi hardimẽt de

141 960 795 64 Chriſt. Mions donc en plus grande recommanda¬

141 1011 796 62 tion le ſalut de l’Egliſe que nos commoditez, car

143 1057 798 66 c’eſt d’elle qu’on peut veritablemẽt prononcer ces

149 1111 473 59 vers de Sophocle poete Grec,

349 102 323 48 PREFACE.

857 103 60 47 263

251 1151 572 58 En ſa proſperité giſt la noſtre, & tandis

257 1192 585 53 Qu’elle ſubſiſtera, nous ferons des amis.

188 1217 759 74 L’HISTOIRE eſt le miroir du monde, ou

148 1275 799 61 lon void les calamitez des Empires & dangers

150 1337 800 50 de l'Egigpe-te qui nous auirapprenart d efert mo¬

150 1387 802 46 deſtes ent Egitfe,& entu conuerfatton poruiqne,

149 1440 804 39 conſiderans l'inſrmnite des autres (y la nojtre,

155 1466 801 66 & penſans auſsi que les feux embraſez ne s’e¬

150 1515 808 66 ſtaignent pas aiſement, & que preſques touſiours

155 1565 805 57 il ne faut qu’vn tumulte pour attirer des guerres

155 1609 809 58 bien longues, & mettre tout le monde en combu¬

160 1652 806 75 ſtion. De combien de ruines a eſté cauſe la diſ¬

759 1720 21 41 r
