4096 5900
1423 209 1761 161 L’HISTOIRE DE FRANCE.

1042 324 2863 157 priuées, & des particulieres, qui ſont tenues par certains nombres de juges eſtablis par le

1042 442 2863 128 Roy, qu’on dit Parlement: les audiences publiques & generalles que le Roy ſ'eſt reſerué ont

1051 524 2835 141 pris le non d’Eſtatz. Les Eſtatz eſtoient aſſemblez pour diuerſes cauſes, & ſelon les occur

1054 622 2841 141 rences & les occaſions qui ſe preſentoient: ou pour demander ſecours de gens & deniers,

1046 717 2856 122 ou pour donner ordre à la juſtice & aux gens de guerre, ou pour les Appanages des enfans

1046 803 2856 124 de France, comme auint au temps du Roy Loys onziéme: on pour pouuoir au Gouuerne¬

1042 907 2867 122 ment du Royaume ou autres cauſes. Et y ſeoient & preſidoient les Roys, fors que aux Eſ¬

1042 996 2863 125 tatz auſquels fut traittée la plus Noble cauſe qui fut oncques, (ſcauoir eſt, à qui deuoit ap¬

1042 1088 2867 121 partenir le Royaume de France apres la mort de Charles le Bel, à Philippes de Valois ſon

1046 1173 2866 131 couſin ou bien à Edouart d’Angleterre) le Roy Philippes n’y preſida:car il n’eſtoit encores

1041 1252 2871 134 Eoy. & ſi eſtoit partie. Il eſt ſans doute que le peuple reçoit grand bien deſditz Eſtatz: Car

1049 1353 2850 135 il à ceſte heur d’approcher de la perſonne de ſon Roy, de luy faire ſes plaintes, luy preſenter

1042 1452 2870 121 ſes requeſtes, & obtenir les remedes & prouiſions neceſſaires. Aucuns ont douté fil eſtoit

1046 1530 2869 125 vtile & profitable aux Roys de tenir les Eſtatz diſans que le Roy diminue aucunement ſa

1042 1622 2876 128 puiſſance, de prendre l’auis & conſeil de ſes iujetz, n'y eſtant oblige ne tenu. Et auſſi qu’il ſe

1042 1717 2873 125 rend trop familier à eux ce qui engendre meſpris & abaiſſe la dignité & Majeſté Royale. Tel¬

1042 1806 2870 137 le opinion me ſemble auoir peu de raiſon. Premierement je d’y qu’il n’y à acte tant digne

1046 1910 2872 128 d’vn Roy& tant propre à luy que tenir les Eſtatz, que dõner audience generalle à ſes ſujetz

1046 1986 2876 141 & faire juſtice à chacun. Les Roys ont eſté eſleuz premierement pour faire la juſtice. Et

1046 2091 2876 128 n’eſt acte tant Royal faite la guerre que faire juſtice: Car les Tyrans & les mauuais font la

1049 2186 2869 105 guerre autant que les Roys, & bien ſouuent le mauuais la fait mieux que le bon. Auſſi de¬

1049 2258 2869 141 dans le Seel de Frãce n’eſt emprainte la figure du Roy armé &à cheual, cõme en beaucoup

1049 2366 2876 121 d’autres patries: mais ſeant en ſon throne Royal rendant & faiſant la juſtice. A ceſte cauſe la

1049 2438 2873 148 bonne femme, qui demandoit audience au Roy Philippes, qui fexcuſoit à elle diſant qu’il

1046 2537 2876 140 n’auoit foiſir de l’ouir: eut grand raiſon de luy repliquer, ne ſoyez doncques Roy. Et n’y à

1049 2628 2876 138 choſe au monde qui tant face hair les Roys à leur peuple, que de deſnier juſtice. Philippe

1052 2723 2873 138 pere d’Alexandre fut rué par Pauſanias, à qui il auoit longtemps dilaié de faire droit de fin¬

1052 2825 2873 125 jure qu’il auoit receuë d’vn autre. Demetrius Roy de Macedoine perdit ſõ Royaume, pour re¬

1046 2900 2882 135 fuſer l’audiance à ſes ſujetz, & meſme pour vne acte qui fut tel. Vn jour luy aiant eſlé pre¬

1049 2992 2879 135 ſentées pluſieurs requeſtes & les aiant mis dans le ply de ſon manteau, paſſant ſur vn pont

1055 3081 2877 147 les reſpandit & jetta toutes dans feau, ſans les daigner lire: dont le peuple indigné ſe ſouſle¬

1055 3189 2873 131 ua, & le chaſſa hors de ſon pays. Dauantage les Roys tenans les Eſtatz, oient la voix de veri¬

1052 3271 2870 134 té, qui leur eſtoit ſouuent cachée par leurs ſeruiteurs. Pour ceſte cauſe vn bon & ancien au¬

1052 3372 2876 128 theur les admonneſte de lire les hiſtoires, & liures qui enſeignent comme il faut gouuerner

1052 3461 2880 121 les Royaumes: Car par la leçon d’iceux, les Roys conn iſtroient ce que leurs amis ne leur

1055 3543 2877 141 oſent ou veulent dire. Combien de pauuretez d’injures, de forces, d’injuſtices qui ſe font au

1059 3648 2873 131 peuples, ſont cachées aux Roys, qu’ilz peuuent ouir & entendre tenant les Eſtatz? Cela retire

1055 3739 2880 132 les Roys de trop charger & greuer leur peuple, d’impoſer nouueaux ſubſides, de ſaire grãdes

1052 3818 2883 135 &cextraordinaires deſpenſes, de vẽdre offices à mauuais juges, de bailler Eueſchez & Abbaies

1046 3903 2882 141 à gẽs indignes, & d’autres infinis maux que ſouuẽt par erreur ilz cõmettẽt. Car la plus part

1071 4002 2870 128 des Roys ne voiẽt que par les yeux d’autruy & noiẽt que par les oreilles d’autruy. Et au lieu

1056 4093 2885 135 que ilz deuſſent mener les autres, ſe l’aiſſẽt mener. Qui eſt la cauſe qu’aucuns bõs Roys ſe

1062 4189 2883 144 deffiãs de ceux qui ſõt autour eux, ſe ſõt deguiſez & meſlez ẽtre le peuple inconeus, pour ſca

1062 4280 2883 138 uoir & entẽdre que l’on diſoit d’eux:nõ pour punir ceux qui en diſoiẽt mal, mais pour ſoy a

1055 4382 2883 128 mender & corriger. Le bon Roy Loys douziéme prenoit plaiſir à ouir jouer farces & come¬

1052 4461 2889 127 dies, meſmes celles qui eſtoient jouées en grande liberté, diſant que parla il aprenoit beau¬

1052 4556 2889 137 coup de choſes qui eſtoient faites en ſon Royaume que autrement il n’euſt ſceu. Ceux qui

1052 4657 2889 118 diſent le Roy diminue ſa puiſſance, ne le prenẽt bien: Car encores que le Roy ne ſoit cõtraint

1055 4746 2890 124 & neceſſiteprendre conſeil des ſiens, toutesfois il eſt bon & honneſte qu’il face les choſes

1052 4841 2889 115 par Cõſeil: autrement il faudroit oſter toutes manieres de Conſeil, cõme le priué conſeil,

1052 4929 2889 122 Parlemẽt & autres. Theopõpe fut Roy de Sparthe, il crea des magiſtratz qui ſurent apellez

1052 5011 2889 122 les Ephores: & ordonna que les Roys ne feroient atietme enore d'mportance ſans leur con¬

1049 5103 2892 134 ſeil. Sa femme le tança, luy diſant que c’eſtoit honte à luy de laiſſer à ſes enfans la puiſſance

1052 5198 2886 193 Royale moindre, qu’il ne lauoit receuẽ de ſes predeceſſeurs. Aquoy reſpondit Theorempe.

3610 5306 315 128 moindre

734 452 289 160 Pour queuls

757 524 284 134 Pour quelle

741 635 300 109 femblée les

747 704 174 122 Eſtats.

737 1252 319 110 Quel biẽ re

741 1330 282 82 uiẽt d’aſſem

741 1376 295 112 bler les Eſ

734 1458 141 121 tars.

760 3900 303 112 Roys ne vo¬

757 3969 285 102 yẽt ne oyẽt

757 4007 318 114 que par les

760 4090 310 119 yeux toreil

757 4166 282 98 les d’autruy
