4096 5936
633 220 1665 192 LIVRE QVATORZIEME.

2816 194 162 214 68.

171 362 2902 165 guinderent leurs pieces: & ayant monté bon nombre d’arquebuziers au clocher, tirerent

174 478 2902 138 tant qu’ils mirent vn pan de muraille enbas: lequel neantmoins fut ſoudain remparé par les

174 573 2902 126 aſſiegez, de faſſines, & pipes pleines de terrain: tellement que mal aiſéement ils euſſent

168 672 2908 122 ſeu franchir la breche, quelque choſe que Piles, & autres qui promettoient la pointe à leurs

168 751 2915 126 Regimans, fiſſent pour leur faciliter l’accez à la muraille. Toutesfois le Marquis voyant le

168 837 2915 152 peu d’aſſeurance qu’auoient la pluſpart des aſſiegez, qui faiſoient difficulté de de batre la bre¬

168 946 2915 115 che: au moyen des Couleurines & harquebuziers qui deſcouuroient toutes ſes courtines,

171 1038 2909 116 le Canon faiſant au bas ſon deuoir: l’armée Proteſtante en ſa chaude, reſoluë de n’en partir

171 1121 2909 128 que la place prinſe: ioint, qu’il eſtimoit le ſecours de l’armée Catholique deuoir eſtre trop

171 1210 2912 125 long: meſmement apres qu’il ſeut la prinſe de ceux qu’il y auoit enuoyé: fut conſeillé de

171 1332 2912 112 parlementer, notammant aprez qu’vnGentil homme aſſez ſignalé entte les Proteſtans, eut

171 1404 2912 116 demandé à d’Argences permiſſion de parler à deux ſiens neueux qui eſtoient au dedans: en¬

178 1484 2905 128 quis pourquoy : pour les retirer ( dit-il ) du danger auquel je voy ceſte ville, car nous

174 1592 2906 112 ſommes aſſeurez de bonne part que les ſoldats & citadins ne veulent ſouſtenir l’aſſaut,

174 1681 2909 129 joint que voſtre armée eſt trop eſlognée pour y auoir eſpoir, & quand elle ſeroit preſte elle

174 1764 2909 125 n’eſt baſtante pour ſouſtenir vne charge de la noſtre, qui n’atend & ne deſire autre choſe. Sõ¬

174 1859 2909 119 me que cela entendu par quelques vns, & diuulgué ſoudain à vn milier d’autres, en fit aſſez

181 1955 2902 116 refroidir pour demander compoſition encor que les plus auiſez ne doiuent croire voire pre

178 2034 2905 129 ſter l’ouye à telles fauces leçons. Tellement qu’apres quelques allées & venuës, que d’Ar¬

181 2123 2902 145 gence fiſt au camp Proteſtant; la ville fut miſe entre les mains des Princes, aux conditions:

181 2219 2902 132 Que les Seigneurs ſortiroient armes & bagues ſauues. Les Gentils-hommes auec le cour¬

178 2324 2912 122 taut: & les ſoldats auec l’eſpée ſeule, ce qui leur fut tenu. Si ce Chef euſt jetté quelques eſ¬

181 2413 2905 126 pions dehors: ou autrement euſt peu ſauoir l’acheminement de ſes partiſans Catholiques

181 2493 2905 125 à ſon ſecours, il ne ſe fuſt rendu ſi toſt. Mais les Proteſtans le tenoient auſſi à l’eſtroit que

181 2585 2912 125 Ferdinand Roy d’Aragon fit Monpenſier au Chaſteau de Naples: car pour luy auoir oſté

181 2687 2915 132 tous moyens d’auoir auis, ſecours, prouiſions, ne aucunes nouuelles: accorda ce rendre à

184 2766 2906 152 vn temps prefix. Ce qu’il n’euſt fait, s’il euſt ſeu que les François auoient rompu les trou¬

181 2885 851 109 pes de Ferdinand à Eboli.

217 2954 2879 126 Entre les choſes plus memorables qui ſe paſſerẽt en ce ſiege: l’Amiral n’y fit moins paroi¬

181 3043 2915 142 ſtre le deuoir d’vn General d’armée à punir les deſobeiſſãces du ſoldat & Chefs des troupes:

184 3142 2916 119 que Puuiãt le reſpect que le ſoldat & Chef particulier doit au ſouuerain de l’armée. Cõme le

184 3225 2916 142 Prince euſt deffendu d’entrer en ville ſans ſon congé: ou qu’elle ne feuſt renduë à ſa deuo¬

187 3334 2913 122 tion: Puuiant qui ſauoit le lieu ou eſtoient les meilleurs cheuaux des Catholiques, fait en

191 3409 2912 132 ſorte que ſur le ſoir deuant la reddition: (aſſeuré que la compoſition eſtoit acceptée des aſ¬

191 3515 2912 119 ſiegez) entre auec 6. de ſon regimant qui s’acomode de ce qui leur vint plus à gré. Mais

191 3604 2915 119 I' Amiral ne l’eut pluſtoſt ſeu: que bruſlant de colere pour le peu de compte qu’on feroit à

184 3686 2922 132 l’auenir de ſes deffences (car ſans doute il manioit le Prince demy à ſa volonté) il s’adreſſe à

184 3789 2922 138 ce Chef, auquel apres pluſieurs aigres remonſtrances & parolles deſ-auantageuſes: il eſtoit

191 3884 2915 122 prez de donner coups de baſton, aiant ja le bras haucé pour ce faire ſi les Princes & autres

191 3963 2918 129 Seigneurs ne l’euſſent apaiſé: luy remettant en memoire les grans ſeruices paſſez de ce

191 4056 2918 128 Chef & l’eſpoir qu’il d’onnoit de plus grans à l’auenir: & firẽt tãt en ſorte que le Prince luy

191 4161 2918 126 enuoya quantité d’armes & autres meubles de plus grans pris, que le butin qu’on luy fai¬

194 4240 2915 126 ſoit perdre. Auſſi ne deſmentit-il leſperance qu’ils auoient conceuë de luy: & qui eſt plus

191 4336 2918 135 notable quelque deshonneur que pluſieurs autres luy diſoient auoir receu:il ne voulut pour

191 4428 2773 126 cela quiter parti: ne ſe monſtrer moins obeiſſans aux Princes & Amiral que par-auant.

286 4517 2830 136 Ainſi la Capitale d’Angoumois fut renduë par compoſition, & n’eſt memoire qu’elle fut

197 4610 2919 135 jamais prinſe par force. Clouis retournant de la prinſe de Tholoze: auſſi toſt qu’il ſe fut pre¬

194 4696 2922 138 ſenté deuant ceſte ville, ſi nous croions nos menſongers & ſuperſticieux hiſtoriografes:les

197 4801 2919 119 murs tomberent deuant luy, & la print ſans reſiſtance. Depuis ayant eſté tenuë par les An¬

201 4884 2915 131 glois ſuiuant l’alliance & paction des Roys de France & d’Angleterre:elle fut prinſe par les

197 4976 2919 125 François, & reprinſe par Iean Normech Anglois par compoſition, & ſur luy meſme reprin¬

194 5075 2922 119 ſe 1345. par compoſition pàr le Duc de Normandie lequel en laiſſa ſortir les Anglois qui

197 5180 2922 106 ſe retirerent à l’Aiguilon. S. Meſmes l’aiſſé Gouuerneur par les Princes, l’armée s’adreſſa à

197 5259 2916 155 Pons, que le Sieur du lieu auoit muni & fortifié, comme il auoit peu: meſmement des

2420 5352 234 148 I iiij.
