4096 5476
909 164 496 240 M. D. 1*E.

2425 197 465 113 LIVRE

1451 282 2404 165 paſſages de tenir la victoire par les aiſſes: ſoit qu’on aſ¬

1442 398 2401 164 ſaille l’ennemy ſur l’eau, comme il ſ'efforcera de paſſer,

1439 520 2416 155 ou qu’on le ſouffre mettre pied à terre. Encore trouuẽt

1436 635 2413 155 ils pour le mieux de l’attendre ſur le bord, & le comba¬

1433 754 2422 161 tre en la campagne. Car (diſent ils) ſi on l’attaque ſur

1439 867 2404 139 l’eau, les premiers d’eux tuez ou renuerſez au fonds re¬

1430 994 2416 146 froidiroient le cœur au reſte qui ſe retireroit pour nous

1427 1107 2419 143 priuer de l’entiere victoire, qui nous eſt certaine, ſi on

1427 1219 2416 156 les ſurcharge, paſſez qu’ils ſeront, encores meſlez & ne

1424 1335 2337 155 ayaus prins l’ordre & rang de bataille pour charger.

1421 1454 2416 146 Mais cela ſont diſcours fondez ſur l’apparence d’vne

1411 1566 2429 152 raiſon naturelle, laquelle eſt deſmentie par la pratique

1408 1688 2429 152 de guerre, qui ne veut attendre qu’ils ſoient paſſez: au

1405 1804 2420 143 trement les inconueniens qui ſuruindrent aux Etoles,

1405 1913 2426 146 pour n’auoir empeſché le paſſage de Naupacte à l’ar¬

1402 2035 2435 134 mée Romaine d’Atilie, vous accableront, Les Venitiẽs

1399 2147 2432 137 conduits par Aluian ne furent ils pas taxez de vilité &

1393 2263 2435 152 couardiſe, de ne ſ'eſtre mis en deuoir d’empeſcher le

1396 2397 2432 131 paſſage de la riuiere d’Adde au Roy Loys 12. allant au

1393 2494 2419 149 ſecours de Treui. Qui rapporta plus d’honneur de Fa¬

1393 2616 2423 149 brice Colone, qui vouloit forcer les François ſur le paſ¬

1396 2731 2416 140 ſage du fleuue Roncon, où le Vice roy de Naples (tous

1393 2844 2413 152 deux chefs de la liguecontre nous) qui ſolicité par Pie¬

1390 2963 2410 137 tre de Nauatre voulut differer? Tousy perdirent la ba¬

1387 3081 2413 143 taille auſſi toſt que les François les eurent approchez.

1387 3197 2419 149 Car de ſ'aſſeurer de les ſurprendre premier qu’ils ſe

1387 3316 2419 139 ſoient recogneuz & mis en eſtat de defenſe, cela eſt ſi

1387 3425 2413 152 hazardeux que le plus ſouuent on leur met la victoire

1384 3541 2416 143 en main. Du moins il euſt fallu ſ'appreſter autrement

1387 3662 2410 146 que ceux cy, pour les charger à l’inſtant de la deſcente.

1384 3775 2419 161 Ce qui n’eſt encores le plus ſeur: car ils ont nombre de

1384 3903 2413 137 batteaux, couuerts ou autrement, ils vous pourront re¬

1378 4009 2416 143 culer de la rine, & campez, y baſtir ſoudain vn fort: le¬

1387 4125 2404 155 quel aculera toutes voz forces, pendãt que le reſte paſ¬

1378 4237 2410 165 ſera, cõme ceux cy feirent, retraçans (peut eſtre) l’exem¬

1378 4356 2410 158 ple des François, voulans (au Royaume de Naples) paſ¬

1375 4475 2410 146 ſer le Gariglian (des anciens Lyris:) Conſalue Lieute¬

1372 4590 2419 158 nant pour l’Eſpagnol les auoit pluſieurs fois repouſſez

1375 4709 2407 140 du pont ſur lequel ils vouloient paſſer. En fin neant¬

1384 4821 2377 244 moins ils gaignerent tant de terre delà le pont, qu’ils;
