4096 5612
1135 268 677 187 M.P.EXVIII.

2548 249 453 184 LIVRE

1650 402 2274 177 ceux qui ſe voudroient oublier iuſques là, que d'at¬

1653 542 2268 150 tenter le ſemblable: quelques vns eſchapperent: à la

1657 642 2251 143 pluſpart le Mareſchal fut miſericordieux, meſme¬

1656 757 2255 150 ment aux François, qu’il retint auec luy: ſi que les e¬

1656 869 2262 142 ſtrangers demeurãs ſur la place, appaiſa & mit fin aux

1650 982 1647 143 troubles encommencez en ces païs là.

1947 1127 1961 107 APRES la defaite de Coqueville, les Catholi¬

1650 1206 2268 128 ques preuoians les troubles auenir: & que la Nobleſſe

1650 1306 2258 150 de Noumãdie & Picardie ne ſeroit la derniere à ſe iet¬

1650 1418 2258 147 ter en campagne, ſi on luy en preſtoit le loiſir, conſeil¬

1650 1524 2258 150 lerent ſa Maieſté d’y obuier par vn Edict qu’on feroit

1650 1633 2252 156 par tous les Balliages, Seneſchauſſees, & Preuoſtez

1644 1745 2255 150 deſdits païs: par lequel ſeroit mandé à tous les Gen¬

1658 1855 2241 146 tilshommes ſ’aſſembler chacun en ſon Balliage, & e.

1658 1964 2247 133 & là faire ſerment és mains de leur Bailly &c. de ne

1644 2073 2255 144 porter les armes, ſinon pour le ſeruice de ſa Maieſté,

1640 2185 2265 137 & quand ils ſeroient mandez. A l’execution duquel

1653 2294 2246 137 voulant proceder Monſieur de la Milleraye Vice-a¬

1647 2406 2252 138 miral, & gouuerneur au païs de Caux & circõuoiſins,

1650 2516 2249 134 leur fit faire le ſerment que deſſus: & outre de ven¬

1653 2631 2249 121 dre leurs armes, vendre leurs cheuaux de ſeruice, &

1650 2737 2246 134 eſlire domicile chez leurs parens Catholiques, qui

1647 2849 2249 147 reſpondroient de leur vie & portemens, en cas qu’ils

1647 2958 2243 134 contreuinſent à la teneur de l’Edit, par lequel ſa Ma¬

1647 3067 2249 144 ieſté proteſtoit de les prendre, ce faiſant, en ſa ſauue¬

1650 3183 2249 137 garde & protection. Enioignant à ſes Gouuerneurs

1644 3289 2252 124 de les maintenir en tout repos. Des Proteſtans ceux

1647 3395 2249 134 qui n’auoient pas grande volonté de ſ'eſleuer, ou qui

1647 3526 2249 121 manquoient de moiens, ſirent ce que deſſus. Aucuns

1647 3616 2236 144 qui ne ſe fioient à tout cela, ſe retirerent en Angle¬

1650 3728 2246 141 terre. Vne grande partie reprint les armes, dreſſerent

1650 3837 2230 147 vne petite armee, ſous la conduite de Ienlis, & Moi¬

1647 3953 1797 128 uilliers, comme ie vous reciteray cy-apres.

1806 4049 2071 147 D’aillieurs les Catholiques aſſeurez que la Ro¬

1657 4162 2226 140 chelle ſeroit la retraitte des Proteſtans: & que pour

1650 4271 2224 140 eſtre le Poitou des plus fertils en toutes choſes re¬

1644 4374 2230 159 quiſes pour la vie de l’homme, & le plus peuplé de

1640 4495 2240 141 Proteſtans: ce païs accommodé de ce haure de mer,

1631 4598 2252 134 ſeroit le Rendez-vous de toute la France: firent eſtat

1628 4704 2240 212 de leur enleuer ceſte ville, en laquelle depuis les ſes

1129 657 433 126 Le Mareſ

1126 770 529 140 thal de Coßé

1129 891 516 122 ne veut faire

1129 997 413 131 mourir le

1132 1109 446 138 François.

1126 1337 515 125 Moyens que

1119 1434 502 134 tindrent les

1123 1540 498 140 Catholiques

1123 1649 498 146 pour empeſ¬

1123 1761 515 137 cher les leuee

1126 1861 532 143 des Proteſãs

1123 1976 535 122 en Norman¬

1126 2082 475 137 die & Pi¬

1138 2204 303 146 cardie.

1126 4006 505 174 Moyens que

1126 4159 486 124 tindrent les

1132 4268 490 140 Catholiques

1141 4383 471 140 pour gagner

1126 4486 452 150 la Rochelle

1135 4611 431 137 & les païs

1148 4704 321 165 voiſins.
