2382 3368
1218.0 159.0 439.0 93.0 L’AMIRAL

722.0 232.0 1478.0 110.0 ioindrez vous aux graces dont i’ay parlé, vn cœur

727.0 333.0 1473.0 97.0 auſſi haut eſleué pour former telles aprehenſions

727.0 415.0 1473.0 95.0 que luy: deſſignãt d’affranchir les Grecs de la tyran¬

726.0 495.0 1474.0 90.0 nie des Perſes. Cõtre leſquels il deliberoit ſe ieter en

727.0 585.0 1469.0 96.0 mer, paſſer en leur terre, y peupler, & en fin vanger

724.0 667.0 1476.0 81.0 à ſon honneur toutes les iniures de la Grece? Si la

724.0 746.0 1474.0 103.0 mort qui le ſurprint, n’euſt auec l’occaſiõ, apreſté les

724.0 832.0 1476.0 101.0 moyens à ſon fils, de par-acheuer auſſi heureuſemẽt

726.0 918.0 1472.0 92.0 tel deſſein, qu’il auoit eſté genereuſement conceu

729.0 1004.0 1467.0 92.0 par le Pere? Du moins viſitons les pays, tant du Nort

731.0 1085.0 1463.0 101.0 que du Sus, qui nous ont eſté ſi proditoirement en¬

727.0 1175.0 189.0 78.0 leuez.

778.0 1249.0 1418.0 105.0 Si l’honneur ne vous chatouille de ſi prés:que le

733.0 1335.0 1460.0 102.0 deſir vous eguillonne d’enrichir ce pays: ou l’acom¬

724.0 1422.0 1465.0 91.0 moder de tant de choſes ſingulieres qui ſe trouue¬

729.0 1506.0 1464.0 88.0 ront en ces prouinces eſtranges. Ou du moins de le

728.0 1582.0 1463.0 103.0 ſoulager, par tant de leuées des plus volontaires Frã¬

720.0 1678.0 1463.0 99.0 çois que vous menerez ou enuoyerez ſoubs l’eſpoir

726.0 1762.0 1461.0 96.0 de voſtre bon heur:peupler tant de pays, qui ne ſont

722.0 1846.0 1463.0 84.0 encor cognuz ny meſme deſcouuers que de prime

720.0 1925.0 1465.0 97.0 veuë & trop generale deſcouuerte. Laquelle rame¬

716.0 2015.0 1467.0 82.0 née aux particulieres recherches; ne fera voir moins

714.0 2088.0 1465.0 97.0 de beautez, de richeſſes, de ſingularitez & autres cho

716.0 2176.0 1463.0 101.0 ſes nouuelles, que font les plus frequentées. Le tout

718.0 2267.0 1461.0 88.0 par voſtre honneur immortel & merueilleux auan¬

718.0 2346.0 893.0 84.0 tage de la Couronne Françoiſe.

772.0 2424.0 1404.0 87.0 Voſtre ieuneſſe, voſtre vaillance, richeſſes, faueur

712.0 2509.0 1462.0 101.0 de noſtre Roy & autorité qui vous eſt acquiſe, tant

712.0 2597.0 1462.0 99.0 par la recommandation de votre race: qu’autres

711.0 2681.0 1457.0 106.0 moyẽs, que les ſoldats ne ſuiuent moins que la Ver¬

454.0 1218.0 247.0 76.0 Tere infais

452.0 1279.0 251.0 68.0 belles & riche

454.0 1332.0 262.0 65.0 ſant mcer a deſ¬

452.0 1386.0 262.0 54.0 conurir, Que l'I¬

450.0 1423.0 282.0 75.0 talien, Eſpagnel

452.0 1487.0 259.0 51.0 uu autre deſcou¬

452.0 1513.0 271.0 79.0 urimit aſſez toſt

450.0 1567.0 262.0 60.0 l'il auoit moyen

450.0 1599.0 273.0 86.0 de la puplæ &

450.0 1670.0 262.0 55.0 in tirer les tõme¬

460.0 1702.0 266.0 77.0 dieza ſin aiſe:

452.0 1773.0 230.0 49.0 Mais ili n’ont

452.0 1809.0 253.0 88.0 eſez d'hemmes.
