2796 4025
466 342 1662 77 OR Ferdinand apres que ſa ſentence luy euſt eſté leuë ſur l’eſchaffaut, eſtant inter¬

422 385 1689 87 rogué par les Inquiſiteurs s’il auoit deliberé de perſiſter encores en ſes erreurs, reſpon

422 442 1699 84 dit tout haut deuant chacun en ſa rõdeur accouſtumce, que ce qu’il auoit cofeſſé eltoit

422 496 1699 84 puiſé du vray Euangile de Ieſus Chriſt, qui eſt la pure foy des Chreſtiens, en laquelle il

419 546 1702 91 deſiroit mourir. Sur cela on luy oſta la croix de bois qu’on auoit liee à force entre ſes

419 603 1702 108 mains: puis luy fut mis vn baaillon de bois en la bouche, qu’il garda iuſqu’à ce qu’eſtant

422 654 1336 100 vif mis au ſeu, ilrendit l’ame à Dieu au milieu des flammes ardentes.

664 865 1202 84 LE grand acte Inquiſcorial fait a Scuillenuquel enuiron luict cents perſonnes ſurent empriſonnce, & toure la faincte

479 959 1591 97 congregation diſperſee & diſsipee.

573 986 487 70 Iulien Hernandes.

1033 241 494 104 IVLIEN HERNANDE S, ou Ferdinand, à Seuille.

647 1080 1470 80 E Iulien qui pour ſa petiteſſe s’appeloit le petit, ſeruoit à Geneue Iean Pieres

644 1123 1473 84 Eſpagnol miniſtre de l’Euangile, lors que par la frequentation de pluſieurs

644 1173 1477 91 doctes hommes, continuant la vraye religion, fut pouſſé d’vn zele d’eſ¬

634 1227 1483 94 prit, plus que du conſeil & aduis d’aueun, d’entreprendre vne choſe d’auſsi

409 1288 1708 83 grande importance, comme elle eſtoit ſubiecte à danger euident. Car il mena & fit por¬

406 1341 1711 91 ter en Eſpagne grande quantité de liures de la ſaincte Eſcriture en langue Eſpagnole, de

406 1391 1711 91 grand deſir qu’il auoit de faire croiſtre la lumiere de l’Euangile en ſon Eſpagne,à la plus

406 1452 1711 80 grande difficulté de ce monde. Toutesfois le Seigneur fit la conduite de l’entrepriſe,&

406 1502 1711 81 amena à bõ port ceſte ſaincte charge:voire, qui eſt eſmerueillable, iuſques dedãs les mu¬

402 1556 1715 84 railles de Seuille, nonobſtãt le grand guet q̃ faiſoyent les officiers de l’Inquiſitiõ. Ce fut

402 1610 1712 87 aux fideles de ladite ville comme vne pluye venãt du ciel en ſa ſaiſon, pour faire auancer

402 1663 1715 94 & meurir le fruict de l’Euangile, & pour pluſtoſt le recueillir au Seigneur. Ceci paruint

399 1717 1715 80 aux aureilles des ſaincts Peres, premierement par la folle crainte d’vn poure ſuperſti¬

396 1767 1718 91 tieux:puis par la trahiſon d’vne des mouſches ou limiers de l’Inquiſitiõ, faiſant eſtat ſous

396 1831 1718 87 couleur de l’Euangile de prattiquer toutes trahiſons & deſloyautez. Incontinent que

396 1878 1711 84 les venerables veneurs eurent ce gibier eſuenté iuſques au giſte, ils ne faillirẽt de pren¬

396 1935 1715 84 dre & la mere & les petits.Par ceſte grande priſe, tout le troupeau fut diſsipé: dont le

396 1989 1711 93 nombre du premier coup eſtonna meſme les chaſſeurs. Si que les priſons en furẽt telle¬

392 2049 1715 80 ment remplies, qu’il falut emprunter des maiſons particulieres pour ſerrer les priſon¬

396 2099 1711 87 niers. On en bruſloit à la fois vingt & dauantage pour vn Acte & executiõ, lors qu’il y en

392 2150 1702 90 auoit dedans Seuille bien huict cents de priſonniers, deſquels ce Iulien fut des premiers

396 2200 1711 90 prins, qui demeura trois ans en vne priſon ſeul, & chargé de fers, pendant lequel temps

396 2260 1711 84 on voyoit tous les iours nouueaux ſpectacles de la meſme priſe. Les bourreaux par ſa

396 2311 1705 90 conſtance merueilleuſe ſe laſſerent de le plus tourmenter:& ne defaillirent oncques en

392 2368 1715 83 ce petit & maigre corps les forces pour endurer tous les tourmens de l’Inquiſition. Il a¬

389 2411 1718 97 uoit vne gayeté naturelle d’eſprit,& Dieu la luy augmenta de telle ſorte, qu’il retournoit

389 2465 1715 107 auſsi contẽt de cœur de la torture, que quand on l'y menoit: tellement que neles dou¬

391 2529 1716 91 leurs de la queſtion, ne les menaces des officiers de l’In quiſitiõ, ne cruauté qu’on ſceuſt

386 2579 1701 90 exercer contre luy, ne le pouuoyent engarder qu’en paſſant au trauers des priſons où e

396 2633 1711 97 ſtoyent ſes compagnons,pour le ramener en la ſienne, il ne leur declaraſt ſa victoire, &

389 2686 1245 84 la honte des aduerſaires,par ce refrein de chanſon Eſpagnole,

2017 278 127 70 J43

2131 399 171 53 Conſtãcece

2128 425 157 121 Fediusa

2114 1794 155 54 Les Mouſ¬

2114 1824 168 67 ches de l’in¬

2117 1864 138 84 quiſition.

386 2777 1718 67 Vencidos van los frayles Corridos vã los lobos Les Caphars le nez en terre Fuyãs cõme loups grãd’erre

436 2794 1648 110 Vencidosvan, Corridos van. Vaincuss'en vont,  5

453 2894 1644 67 IL eut au commencement de ſes reſponſes & audiences de grans troubles & mer¬

382 2928 1715 100 ueilleuſes diſputes auec les moines & autres ſuppoſts de l’impieté Papale, qui aſsiſtent

382 2985 1719 84 & aident aux ſaincts Peres peu ſauans à bien qualifier la ſorte des hereſies qu’ils inten¬

382 3038 1719 94 tent cõtre les poures fideles. Au iour du triomphe des Inquiſiteurs eſtant tiré hors deſa

382 3092 1719 97 priſon, comme il fut en la place du Chaſteau pour y receuoir les marques de la liuree du

382 3139 1712 97 Fils de Dieu auec les autres priſonniers, on dit que d’vn cœur & viſage conſtant il leur

392 3196 1715 87 parla en ceſte ſorte: Or ſus, mes vaillans & vertueux freres, voici l’heure en laquelle nous deuons

379 3253 1728 101 comme vrais champions de Ieſus Chriſt porter teſmoignage de ſa verité deuant les hommes, & d’io à

379 3303 1725 94 bien peu eſtre mis à l'eſpreuue par luy, pour triompherapres en ſa compagnie celeſte perpetuellement. In¬

382 3354 1715 134 continent les Alguazils de l’Inquiſition rompirent ſon propos, lay mettans vn baaillon

2104 2129 181 61 Les Inquiſi¬

2117 2160 168 73 teurs appel¬

2107 2166 158 94 lent Aet¬

2107 2230 175 81 chacune ere

2104 2274 151 60 cution de

2114 2304 165 104 leure trsge.

2104 2347 71 64 dies.

2101 2505 178 71 Iulien decta

2101 2549 181 63 re ſa gayeté

2107 2589 175 64 & la victoi¬

2101 2599 174 114 te fir ſes en

2107 2666 104 71 nemis.

2104 2914 138 57 Combats

2101 2938 171 80 de dipures.

2107 3203 162 63 Exhortatiõ

2111 3240 154 87 à ſes compi

2104 3273 94 218 2
