1233 2099
209 129 566 45 DESCHRONTQVES.

849 123 71 40 611

99 165 820 53 Chriſt neuf cens, l’an du monde quatre mil huit cens

104 211 823 47 ſoixante deux, & le douzieſme an de ſon Empire. Son

106 250 816 49 corps fut porté d’Ottingen en Bauiere (où il mourut) à

104 288 818 53 Ratiſbonne, où lon void encor ſon ſepulchre au tem¬

106 326 304 54 ple de S. Eſmerand.

144 363 777 53 QVANT à la poſterité d’Arnould, ie trouue diuer¬

103 420 819 35 les opimons entie ceux quren ont cieiit, Piuieurs di¬

106 445 815 49 ſent qu’il eut deux femmes: la premiere nommee Agnes

106 481 816 46 fille du roi des Grecs, laquelle il eſpouſa eſtãt encor duc

108 521 815 51 de Bauiere & de Carinthie:la ſeconde fut Iutte, que les

107 559 815 49 autres appellent Lutgarde fille de Guelphe duc de Ba¬

107 597 818 52 uiere. Il eut d’Agnes deux fils, Arnoul, ſurnõmé le Mau¬

108 637 818 48 uais, & Garnier, comtes de Schiern. De ceſt Arnoul ſont

106 675 817 49 deſcendus les Palatins du Rhin & les ducs de Bauiere. Il

109 714 811 50 eut de lutte, ſa ſeconde femme, Loys quatrieſme du nõ,

108 753 814 51 roi des Romains, & ſon ſucceſſeur à l’Empire, & vne

109 792 813 51 fille nommee Lutgarde, mariee à Otton le Grand, duc

109 832 816 47 de Saxe. Ceux qui ſont de telle opinion adiouſtent que

110 869 815 47 de ceſte ſeconde femme Arnoul eut encor Conrad duc

110 909 815 46 de la France Orientale & Comte de Lorraine, lequel

110 945 816 50 fut tué par Aſbert Comte de Bamberg, tellement qu’il

111 987 814 49 auroit eſté frere de l’Empereur Loys quatrieſme. Mais

111 1025 814 50 les autres qui ont plus ſoigneuſement recerché les ori¬

115 1065 811 47 gines & auancemens des familles par les chartres & re¬

113 1103 813 44 cueils des hiſtoires, nient que ce Conrad ſoit iſſu du

110 1140 816 52 ſang des François, encores qu’ils ne diſent ni n’affer¬

111 1178 812 53 ment rien de certain de ſon originet. Quant à Arnoul,

110 1218 816 50 ſurnommé le Mauuais, à qui ils donnent vn frere nom¬

113 1259 813 49 mé Bertold, non pas Garnier, ils diſent que l’Empereur

111 1297 815 49 Arnoul n’eſtoit pas ſon pere, ains vn des principaux ca¬

110 1334 816 53 pitaines d’icelui nommé Leopold, lequel fut tué en v¬

113 1373 814 47 ne bataille de Loys contre les Hongrois: & toutesfois

111 1412 816 49 que ce Leopold eſtoit parent de Loys quatrieſme, & des

111 1449 818 48 deſcendans de Charlemagne: cependant ils ne declairẽt

111 1493 819 48 point les degrez de ce parẽtage. I’eſtime que ce dernier

110 1525 819 48 diſcours touchant la race d’Arnoul eſt le plus veritable.

110 1566 820 46 Or il eut pluſieurs baſtards, aſauoir Senebauld, d’vne

111 1603 821 51 cõcubine nõmee Helingarde, auquel il donna la Lorrai

114 1646 819 49 ne: mais les Seigneurs du païs le tuerẽt, & depuis ce païs

117 1680 816 71 changea ſouuẽt de Seigneurs. Car par fois elle fut occu

747 1725 80 69 Qa
