4096 5836
1582 223 1751 149 L'HISTOIRE DE FRANCE.

1031 356 2854 140 le deuers Chaſteau, où deuãt les treues ils auoyẽt cõmencé à faire breche. Sõme q̃ la violẽce

1031 473 2854 110 du Canõ rõpit en fin toutes les tours & leurs defẽces, depuis le Rauelin juſques au chaſteau:

1031 570 2857 114 Et encor par de là, juſques à la tour Peſneau. Pour faire tõber les tenans de fieure en chaut

1028 664 2863 110 mal; la plate forme que les aſſiegez auoyẽt dreſſée ſur pilotis derriere le Rauelin, tãt pour le

1028 742 2863 107 deffẽdre que pour ſeruir d’eſpaulle afin de les garder des Couleurines qui batoyẽt en flãc, tõ

1028 826 2863 114 ba preſque tout en vne nuict. Et d’autãt qu’elle leur importoit beaucoup, il fallut neceſſaire¬

1028 924 2863 113 ment la redreſſer, en quoy ils employerent beaucoup de peyne, & de temps, qui leur euſt

1028 1014 2860 124 bien ſerui ailleurs. Et outre ce, ilz receurent perte de beaucoup d’hommes & de femmes,

1028 1102 2866 120 qui s’employoyent à l’eſleuer: nonobſtant les voiles qu’ils auoyent dreſſées, pour couurir

1028 1189 2866 111 ceux qui y trauailloyent. Qui plus eſt, lors qu’ils penſoyent eſtre à chef de l’œuure; eſtimãt

1031 1283 2860 117 la plate-forme paracheuée, de hauteur & de largeur de quinze pieds, les Couleurines ne¬

1034 1364 2860 118 antmoins, la perçoyent à jour, pour eſtre de terre neufue, & faite de frais, ce qui ne peut

1037 1459 2857 132 reſiſter au Canon comme vn œuure vieil & fort bien preſſé. Occaſion, que pluſieurs de la

1037 1553 2857 116 ville y reſtoyent, ou morts ou fort bleſſez. Ce qui en rendoit beaucoup d’eſtõnez, & les plus

1037 1640 2857 120 aſſeurez n’attendoyent qu’vn aſſaut General: mais pluſieurs des Catholiques leur faiſoyẽt

1031 1741 2863 100 entendre, qu’on ne les vouloit auoir par aſſaut general: ains les tuer à coups de Canon. Sur

1034 1838 2860 100 ce les aſſiegez aians nouuelles d’Angouleſme, & qu’vn prompt ſecours leur venoit, en¬

1031 1922 2863 104 uoyerent ſoudain pour l’aduancer Fombedouere; qui fut mis hors de la ville ſur les dix heu¬

1037 2000 2861 117 res du ſoir, monté ſur le Genet de Piles. Il amena le ſecours juſques à la foreſt de Chiſé, &

1037 2094 2861 117 le Capitaine Saint Auban. Mais ceux qu’il conduiſoit, toſt apres qu’ilz eurent deſcouuert

1034 2178 2857 120 l'ennemy ſe retirerent. De luy voulant paracheuer ſon voyage prend le chemin de S. Iean,

1037 2282 2861 101 & fut juſques ſur les ponts de Saint lulian, où ſe voyant deſcouuert par les gardes jugea

1037 2376 2861 107 qu’il eſtoit plus expedient de rebrouſer chemin : mais viuement pourſuyui, en fin fut prins.

1041 2464 2863 103 La nuict ſuyuante, les Catholiques leur firent entendre ſa prinſe, & par meſme moyen leur

1041 2545 2863 116 remonſtroyent le peu de moyens qu’ilz auoyent de ſouſtenir. Les auertiſſoyent auſſi de ſe

1034 2629 2864 113 rendre: & leur preſentoyent bonnes conditions. Alors Biron & Meru qui eſtoyent aux trã¬

1037 2723 2864 117 chées demanderent le Capitaine la Motte, lequel eſtant venu s’entretindrent en maints

1037 2823 2867 104 diuers propos: la reſolution fut remiſe au lendemain, là où fut parlé d’vne ſeconde Capi¬

1041 2914 2860 104 tulation. A quoy les Chefs preſterent l’oreille, pour voir leurs munitions nulles, ſi peu

1044 2995 2860 120 d’hommes, encores tous harraſſez, pour les continuelles veilles & aſſidus labeurs, peu de

1041 3083 2857 120 farines, leurs deffenſes tellement raſées, qu’ilz auoyent conclud de ſortir ſur l’Artillerie,

1047 3183 2854 111 & la nuict ſuyuante prendre tous les hommes qui pourroyent ſuyure, pour ſortir à la porte

1047 3264 2854 111 de Matas: afin de forcer la garde du pont S. Iulien, & de là ſe retirer au mieux qu’ilz pour¬

1047 3352 2857 120 royent à Angouleſme où ailleurs. Sa Majeſté, outre la premiere Capitulatiõ qu'elle leur of¬

1044 3452 2860 114 froit, d’abõdant promettoit de leur dõner oſtages en Angouleſme, pour leur ſeureté: car ilz

1050 3540 2857 110 craignoyẽt que la Foy ne leur fuſt rõpuë. Le 2. Decẽbre, la Motte (parl’auis du Cõſeil, tenu

1050 3624 2857 127 fort ſecrettemẽt entre 5.ou6. des principaux) alla parler à Birõ, qui diſt qu’il en parleroit au

1055 3729 2859 116 Roy, & rẽdroit reſpõſe. Dans 2.ou 3.heures apres, on aporta certains Articles qui n’eſtoyẽt

1046 3803 2868 128 ſignez d’aucũ, toutesfois on diſoit q̃ c’eſtoit le vouloir du Roy. Aquoy ilz reſpõdirẽt qu’ilz

1060 3903 2851 117 ſe deliberoyẽt de mourir pluſtoſt qu’ilz n’euſſẽt la Capitulatiõ premiere. Ilz dirẽt qu’ilz en

1063 3994 2854 120 parleroyẽt auRoy:mais ne leur cõſeilloyẽt demãder oſtages, ains les prioyẽt de luy faire ceſt

1060 4078 2857 130 hõneur que de ſe fier en ſa parolle, ce qu’iz accorderẽt. La premiere Capitulariõ fut biẽ toſt

1060 4166 2851 129 portée, ſignée de la Majeſté, qui eſtoit telle, Que les aſſiegez ſortiroyent de la ville bagues

1060 4263 2854 110 ſauues auec leurs armes, Cheuaux, & Enſeigne ployée. Qu’ils ne porteroiẽt les armes pour

1063 4357 2854 117 la Cauſe generalle de la Religiõ, de 4. mois. Qu’ilz pourroyẽt, tant eſtrãgers que habitãs ſe

1063 4448 2851 110 retirer où bõ leur ſembleroit en toute ſeureré. Qu’ilz ſeroyent cõduits juſques à vn lieu de

1063 4532 2854 117 ſeureté, où ilz voudroyẽt aller,par le Sieur de Biro & Colleins. Le ledemain ilz deuoyẽt ſor¬

1063 4626 2854 127 tir, plus de 7. ſemaines apres le ſiege mis. Le Duc d’Aumalle eſtoit à la porte de Matas, où

1066 4714 2854 116 I’Infanterie de 8.cẽs pietõs ſortla premiere, que cõduyſoit le Capitaine Serido, & pluſieurs

1063 4808 2854 116 autres Chefs, auec pres de cẽt Cheuaux: mais ilz ne furẽt pluſtoſt à la moytié du Faux bourg

1066 4889 2854 120 que les Catholiques les tirerẽt, & cõtraignirẽt d’ẽtrer par force en leurs logis où ilz les de¬

1066 4980 2854 132 ualizerẽt de de tous poincts: quelque deuoir que peuſt faire en vn endroit le Mareſchal &au

1070 5070 2854 130 tres. Serido ce voyant, s'en alla plaindre au Duc d’Aumalle, qui ne peut remedier à ſi grand

1070 5161 2857 130 deſordre. Biron & Coſſeins, auec trois Cornettes, ne peurent empeſcher beaucoup d’ou¬

1073 5249 2854 171 trages. On les conduit juſques à Sieche, ou ilz repoſerent ceſte nuit, & là ces Cheſs les laiſ¬

719 275 305 140 Decembre.

723 369 185 110 1563.

794 1377 236 117 Matiere

736 1459 294 122 d'vnBaſtion

752 3728 292 107 Capitulatiõ

755 3803 247 77 faite auec

758 3835 303 97 es aſſiegecz

755 3926 208 139 e ſortir.
