4096 5588
891 207 456 196 K.D.LXI¬

2443 195 435 149 LIVRE

1419 232 2459 249 Grange demie lieuë de Bourges: ce pendant qu’il & ſes

1406 422 2475 177 compagnons trouuaſſent moyen d’eſtre de la garde ce¬

1400 524 2484 196 ſte nuict, & que l’heure venuë du ſignal, ſi tout eſtoit

1394 655 2484 173 en eſtat, on procederoit à l’execution. Le ſignal eſtoit

1391 763 2481 193 d’vn brandon de paille ardant, dont ils deuoient faite

1388 887 540 159 deux tours.

1549 1012 2323 164 Le iour de deuãt monſieur de la Chatre, pour leuer

1375 1126 2491 184 tout doute qu’aucuns euſſent peu prendre de la deſ¬

1372 1257 2491 171 couuerte de telle menée, auoit fait auec toute alegreſ¬

1369 1365 2487 187 ſe, dreſſer ieux, courre la bague, & autres paſſétemps.

1366 1493 2481 180 A l’heure accouſtumée feit fermer les portes. Ce fait,

1363 1598 2478 190 mande le Maire, Eſcheuins, & Capitaines de la ville,

1369 1729 2487 177 pour faire ſçauoir à tous les habitãs de ſe tenir ſur leur

1366 1847 2490 177 garde, & en armes chacun en ſon quartier, & border

1357 1968 2493 177 les murailles ſur les neuf heures du ſoir auec le plus

1357 2073 2493 183 de ſilence qu’ils pourroient. A ceſte heure meſme feit

1353 2213 2491 165 entrer dedans la ville quelque caualerie & infanterie:

1350 2315 2491 184 laquelle il feit memie pres & dedãs vn Rauelin, qui eſt

1353 2430 2475 183 entre la porte E qubonnoiſe, & la baſtille, tous Italiẽs,

1360 2554 2472 184 veſtus de chemiſes blanches ſur le harnois, donnans

1347 2679 2478 180 auertiſſemens auſdicts Capitaines, de ne bouger dudit

1347 2794 2478 180 lieu, iuſques au premier ſon de l’artillerie, pour les al¬

1344 2924 2481 158 ler tous ſacmenter. Ce qui fut executé. D’ailleurs feit a¬

1338 3039 2487 161 uec Marin des trainées ſecrettes dedans les foſſez de la

1341 3154 2466 180 ville: auſſi des grilles, l’vne à l’entrée du petit Rauelin,

1338 3275 2478 177 & l’autre à l’huis ou fauſſe porte pour entrer en la tour.

1335 3393 2481 170 Fait auſſi faire des pots, grenades & autres artifices de

1322 3517 2491 174 feu, & en la tour ſoixante ſoldats bien armez de pied

1316 3635 2488 180 en cap. Palus de ſon coſté, l’heure venuë fait ſon ſignal,

1316 3759 2491 168 & ſ'aide de l’vn des trois ſoldats. Voyant que l’heure

1313 3877 2491 171 eſtoit paſſée, le ſignal fait, & qu’on nevenoit point, ſort

1310 4001 2487 168 de la tour, & leur fut au deuant pour les aſſeurer que

1304 4122 2484 162 iamais choſe ne fut mieux accommodée, & qu’il en¬

1307 4237 2487 171 treroit le premier dans la tour. De fait, il fut ſuiuy par

1301 4355 2487 174 les plus aſſeurez: entre leſquels l’Eſpau, le Baton de

1301 4476 2475 165 Renty, Capitaine Fontaine ſon Lieutenant, des Eſſars,

1288 4588 2491 177 la Roze, Capitaine Treſſian, Milet, enfans de la ville,

1291 4709 2491 174 Receueur du Taillon ſuiuoient, & autres, iuſques au

1279 4836 2490 152 nombre de dixſept encorſeletez & morionnez, auec ru¬

1282 4945 2481 189 daches, piſtolles & coutelas. Ils ſ’eſtoiẽt rendus à Bau¬
