4096 5980
593 323 310 155 Ttitemius.

611 461 176 146 Abas.

898 333 2918 140 eſtoir ou legitime, ou, teſtamantaire. Et que ſuyuant ce, la Royne Fredegonde fut Regente

897 411 2926 153 de ſon filz Lotaire vulgairement appellé Clotaire ſecond. Et auſſi que Loys huitiéme pere

900 501 2923 153 de Sainct Loys, auoit par ſon teſtament ordonné qu’apres ſa mort la Regence de ce Royau¬

900 598 2923 156 me demeureroit à ladicteRoyne Blanche ſa femme, cõbien qu’elle fuſt d’vne qualité qu’au¬

900 694 2926 153 jourd’huy l'on allegue cõtre la Royne a preſent, aſcauoir qu’elle eſt eſtrãgiere. Et que partãt

900 780 2930 156 ſeroit dangereux de luy bailler le Gouuernement de ce Royaume. Comme ſi pour eſtre

897 880 2933 139 de nation ltalienne & Florentine, elle deuſt eſtre moins affectionnée au Roy ſon fils, que fut

894 956 2936 160 la Royne blanche (Eſpagnolle & Caſtilane) a Sainct Lois ſon fils. Lequel elle fiſt par bon¬

900 1063 2930 136 nes notables & Relligieules perſonnes inſtituer en la foy Catholique & en bonnes mœurs:

904 1146 2932 159 De ſorte qu’il en a acquis & rapporté à tousjours mais, le nom &reputation de Sainteté. Ce

904 1252 2929 136 qu’on doit eſperer de cete cy encor que pluſieurs ſiens ennemys dient au contraire: luy re¬

907 1342 2933 156 prochant ſa race de laquelle toutesfois, elle n’eſt la premiere qui à eu alliance au ſang &

910 1421 2930 153 Couronne de France. Car Philippes oncle du Roy Sainct Loys & ſilz du Roy Philippes,

910 1514 2936 153 Auguſte eſpouſa la Conteſſe de Boulongne à laquelle les majeurs en droicte Ligne de la

910 1617 2936 147 dite Royne comme plus prochaine Lignagers d’icelle Conteſſe, ont herité au Comte de

914 1694 2929 153 Boulongne. Et icelluy tenu juſques à ce que le Roy Loys vnziéme le voulut auoir de Meſ¬

917 1787 2923 173 ſire Bertrand de la Tour Comte d’Auuergne Biſayeul de la Royne mere Catherine de Mede¬

920 1887 2920 162 cis par eſchange au Comté de Lauraguez qu’elle poſſede encores aujourd’huy à ce til¬

932 1988 2305 149 tre: nous auons parlé ailleurs des Races de Boulongne & des Medecis.

1442 189 1802 156 L'HISTOIRE DE FRANCE.

613 2003 299 144 Raiſonsque

618 2109 302 90 ceux deGuy

618 2179 296 86 ſe alleguent

618 2227 304 110 pous munte

618 2308 229 74 ni rlcurr

1020 2076 2826 146 LES autres opoſoyent au contraire l’expreſſe, & itcrée volonté du Roy: les couſtumes

932 2147 2914 160 de tout temps obſeruées au Royaume le droit & deuoir de Parenté ſi proche, auec la neceſ¬

934 2252 2912 156 ſité laquelle veu la confuſion des affaires & la crainte de pis, ſi les ſoupçonnez de la Rel¬

934 2342 2912 159 ligion pretenduë reformée conduiſoient tout à leur plaiſir les auoit comme forcez à foffrir

922 2441 2924 150 à leur nepueu pour l’aſſiſter de tous moyens au maniement d’vne fi peſante charge. Reſpon¬

930 2528 2923 169 dans, au Reſte à ce qu’on allegoit d’vn Conſeil legitime. Que ſi quelqu’vn des Roys anciẽs

940 2627 2909 150 à eſté pourueu d’vn Conſeil extraordinaire par les Eſtatz du Royaume ou autre auis public,

927 2720 2922 163 ça eſté en cas de pupillarité & bas aage ou abſence ou bien en alienation de bon ſens. Mais i¬

924 2820 2929 146 cy l’aage meur, le bon ſens naturel & acquiſitif, Ioint à l’inſtruction digne d’vn Prince ſu¬

930 2913 2923 156 pleent à tous ces deffaux &rendent le Roy digne & Capable du Gouuernement d’vne plus

930 3006 2926 156 grande Monar chie: à la conduite de laquelle, il luy plaiſt les appeller, priuatiuement à tous

930 3096 2926 143 autres comme ceux deſquels il à preuue ſinon du merite & fidellité pour le moins de faf¬

930 3192 2926 143 fectiõ plus grande en ſon endroit que de nul autre. Qu’au reſte ceux qui demãdoient la cõ

934 3275 2922 163 uocation des Eſtatz n’eſtoyent ſes plus affectionnez ſeruiteurs, & moins encor affectionnez

934 3375 2925 156 au Royaume. Car fil donnoit congé de les aſſembler & autorité à ſon peuple de luy eſlire

932 3453 2924 164 vn Conſeil: il le voudroit doreſnauant tenir ſous la verge. Tellement qu’il ne luy demeu¬

937 3551 2926 159 reroit rien d’vn Roy que le Titre. Qui tourneroit au grãd meſpris de ſa prudẽce qu’il auoit

940 3641 2923 169 ja aſſez grande & ſuffiſante pour ſe bien conduire & Gouuerner ſes peuples. Quand à eux

940 3737 2926 150 ils luy promettent toute ayde pour le maintenir en ſi loüable volonté. Et de fait ils y mirent

940 3830 2926 150 ſi prompt & bon ordre qu’auant que le Roy de Nauarre, fuſt arriué en Court, le Duc de

940 3920 2926 153 Guyſe, eſtoit aſſuré de tout ce qui concerne l'eſtat de la Guerre: & le Cardinal de Lorraine

940 4009 2923 157 de la Sur-intendance de la juſtice & des finances. Puis afin de mieux pouruoir à l'entretien

944 4102 2919 157 de leur grandeur: ſceurent dextrement trouuer les moyens, pendant que leurs contraires

944 4199 2922 163 hors de Court, famuſoient à certaines entreprinſes qui reüſcirent auſſi heureuſe ment qu’el

944 4298 2919 160 les auoient eſté ſecretement conceues de retirer de Cour les autres Princes ſous couleur

944 4382 2922 152 de charges honorables peu fructueuſes neantmoins voire aucunes de grans frais. Comme

944 4485 2919 142 d’aller vers le Roy Philippe, pour la confirmation de la Paix. De conduire en Eſpagne la

944 4564 2919 156 ſœur du Roy, & autres telles ſpecieuſes commſſions, au doux murmures & gracieux vens

944 4667 2922 146 deſquelles, les plus Ambicieux & moins auiſez ſe ſont tousjours l’aiſſé endormir. Ce pendãt

947 4757 2922 166 pour obuier à l’effect des plaintes que leurs enuieux pourroient faire, &ſemer deux en tous

947 4857 2922 139 endroits: mirent tout ſoin & peine de gangner les plus habiles de quelque vacation qu’ilz

944 4936 2932 160 feuſſent en France. Et auec ce d’appointer leurs partiſans de tous eſtaz vaccans ou nouuelle

947 5023 2932 172 ment erigez: juſques à faire caſſer ceux de la fidellité deſquels ils ne pouuoient aſſurer ſa

950 5116 2926 172 Majeſté afin de fy faire autant de Creatures de ceux qu’ilz faiſoient pouruoir en leurs pla¬

950 5219 2929 192 ces. Au reſte voicy les les principales raiſons qu’ils firent par impreſſen publier par tous

621 2372 273 83 Gouuerne

625 2431 269 97 ueur juſte

623 2476 285 125 & Neteſſai

635 2571 103 83 re.

644 2631 270 113 Conſeil du

621 2714 286 119 Roytſineur

668 3405 256 149 Aſſemblée

638 3513 294 114 d'Eſtaa Ge

644 3601 217 133 neranx.

3746 5298 120 137 les
