4096 5816
940 329 977 204 TROISIEME.

2654 219 135 317 10

210 484 2579 191 Maieſté, n’y qu’aucune des choſes qui eſtoiẽt neceſſai¬

210 620 2563 165 res fuſſent en ordre, n’ayant encore lors nuls Allemãs,

213 746 2570 168 & les Eſpagnols ne s’eſtoient encore bougez des trois

213 862 2570 165 lieux où ils eſtoiẽt ( qui ſont ceux leſquels cy-apres ſe

219 988 2561 168 dirõt) ny ſa Saincteté auoit commencé à leuer les gens

219 1114 2548 165 qu’icelle deuoit enuoyer: parquoy tout l’eſpoir & for¬

223 1231 2557 168 ce des Catholiques cõſiſtoit ſeulemẽt en la determina¬

219 1347 2564 178 tion de l’Empereur & au pouuoir des gẽs de biẽ, que ſa

229 1518 2551 120 Maieſté auoit en Allemaigne. Ceux d'Auibourg ruret

223 1596 2541 171 les premiers qui commencerent à leuer gẽs & eux met¬

223 1715 2544 162 tre en armes ſans toutefois faire demõſtratiõ ny dõner

229 1835 2548 171 à cognoiſtre que ce fuſt cõtre l’Empereur car au meſme

229 1961 2554 155 temps ils laiſſerent entrer en leur cité tous ceux de ſa

226 2077 2551 181 Maieſté, leſquels y vouloient aller, fuſt pour ſe pour¬

229 2203 2554 162 ueoir d’armes, ou pour payer celles qu’ils y auoiẽt faict

229 2316 2551 178 faire. Et lors ſa Maieſté auoit deſia enuoyé les Colon¬

229 2436 2548 181 nels pour leuer Lanſquenets, à ſçauoir Aliprand Ma¬

235 2559 2548 177 druche frere du Ca rdinal de Trente, George de Ratiſ¬

239 2681 2557 172 bonne vieil ſoldat ayant ſerui ſa Maieſté en pluſieurs

245 2807 2554 175 guerres, Chãbourg eſtãt auſſi Colonnel & le Marquis

245 2930 2554 171 de Marignam, qui auec ce eſtoit general de l’artillerie:

252 3053 2554 168 vn chacun deſquels quatre Colonnels deuoient leuer

255 3166 2554 181 4.mille Allemãs. De ces quatre Colonnels & gens de

265 3292 2547 178 guerre par eux leuez ſe firent deux regimens, dont l’vn

261 3412 2554 164 s’appelloit de Mardruche, où entroit le Marquis de

265 3580 2557 126 Marignam, & l’autre de George de Ratisbone, duquer

265 3657 2550 165 eſtoit Chãbourg. Depuis furent adiouſtées & reparties

268 3780 2541 168 eſgallement en iceux 2. regimẽs 10. enſeignes de pie¬

274 3899 2548 172 tõs, que ſa Maieſté fit leuer par le baſtard de Bauiere

278 4022 2534 171 & autres Capitaines: parquoy y auoit en tout 50. en¬

278 4139 2537 168 ſeignes d’Allemãs qui eſtoient 25. en chacun regiment.

284 4258 2538 171 D’auantage, pourueut ſa Maieſté que Don Alualo de

300 4374 2528 175 sande vinſt de Hõgrie auec 2000 huit cẽs ſoldats Eſ¬

294 4494 2544 181 pagnols & que de Lombardie d’euſt auſſi venir Alze

294 4623 2547 168 auec ceux de ſa charge qui eſtoient 3000. En outre le

300 4740 2541 171 Marquis Albert de Brandebourg enuoya incontinent

307 4862 2534 168 querir les gẽs de chenal auec leſqls il eſtoit obligé de

303 4982 2535 165 ſeruir qui eſtoiẽt zooo cinq cẽs: dont partie ſe deuoiẽt

307 5098 2521 155 donner en charge à l’Archeduc d’Auſtriche. Le Mar¬

323 5215 2502 206 quis Iean frere de l’elect. de Brãdeb. deuoit ſeruir auec

2819 1534 488 130 Ceux d’Auſ

2819 1651 484 151 bourg les pe

2812 1799 491 104 miers en ar

2822 1903 194 129 mes.

2819 2258 494 178 Les Capitai

2822 2420 481 142 nes de L'en

2825 2559 304 142 pereur.
