1991 2647
804 272 315 70 Iuin, M.D.LXX.

1344 276 173 53 LIVRE

927 352 1002 51 Miniſtre de la maiſon de la court de Chiré.) A l’inſtãt la

927 401 1006 54 maiſon entournee de ſoldats, aiſiegée, batue, & percee:

929 441 1002 61 en fin apres la mort de5 ou 6 Catholiques, & bleſſeures

929 494 1006 55 de pluſieurs autres, (car les tenãs faiſoyẽt vn merueil¬

931 544 1004 53 leux deuoir de defenſe, tant par harquebuzades, coups

938 589 998 60 d’hallebardes, iets de pierre, qu’autres coups de traict)

935 632 1005 62 la maiſon eſchelee, deſcouuerte, & percee en plus d’en¬

937 679 1006 62 droits qu’ils n’eſtoyent d’aſſiegez, tous furent taillez en

937 726 1009 68 pieces, & la maiſon pillee: a pres la mort du Miniſtre qui

940 774 1008 61 ne ſe voulant rendre vif, mourut d’vne harquebuzade,

940 824 1009 67 qui luy donnant droit en la gorge luy perça le conduit

941 874 520 62 par lequel il reſpiroit la vie.

993 916 961 61 Sur ce le Prince Dauphin vient à Poitiers, où auoir

944 967 1010 55 entendu la route de ſaint Gemme: les deſſeins & porte¬

947 1014 1007 63 mens des Confederez, & en general l’eſtat de tout le

950 1066 1004 60 pays, eut bonne volonté de remettre les choſes en meil¬

952 1110 1003 57 leur ordre qu’il ne les entendoit. Et meſme requis de

952 1160 1003 64 ce par la Nobleſſe du pays, & autres Seigneurs circon¬

953 1205 1004 67 uoiſins: qui voyoyent que ſi on ne faiſoit tenir bride

956 1254 1001 63 aux Proteſtans qui couroyent tout le pays:ils ſe remet¬

959 1302 1002 61 troyent bien toſt en leur premiere conqueſte: il deſcend

960 1357 1003 57 iuſques a ſaint Meſſant, cinq lieuës de Niort, ou l’on

963 1398 1004 57 I’aſſeuroit que toutes les forces Catholiques eſtoyent

965 1447 1000 55 aſſemblees: & que pour l’honneur & reuerence qu’on

966 1494 999 67 Iuy deuoit, tels luy preſenteroyent leur ſeruice, qui en

971 1542 993 57 deſdaigneroyent d’autres qui leur voudroyent com¬

971 1589 997 56 mander. Mais comme ce fut à faire la reueuë de toutes

974 1639 994 56 ces troupes, ne furent trouuees la moitié telles que l’on

975 1685 989 59 eſperoit: ains aucontraire luy fut rapporté que celles

977 1729 991 59 des Proteſtans agrandiſſoyent de iour à autre. Comme

977 1779 990 59 le vulgaire & ſimple ſoldat ſuit touſiours la fortune: ai¬

978 1826 986 66 me le temps, & careſſe pluſtoſt celuy qu’il voit proſpe¬

980 1872 983 67 rer qu’il ne fait ſon deuoir: qu’il ne fait ſa foy & l’obli

985 1922 975 63 gation de laquelle s’enrollant il ſe lie, s’obligeãt à ſuy

985 1970 980 60 ure les commandemens de ſon General. Si bien que

985 2024 980 55 toutes choſes bien debatues, premier que d’entrepren

985 2066 979 70 dre vne teſle charge, en voulut porter auis à ſa Ma

1874 2107 90 82 ieſté

754 348 153 51 La Court

760 386 144 55 de Chiré,

760 429 134 43 Ministre

759 461 163 57 prins à Mo

761 502 161 51 zeuil. & ſe¬

765 544 157 51 gens tail¬

768 580 157 61 lez en pie¬

769 624 65 46 ces.
