1132 1985
276 116 83 69 30

304 196 780 65 Põs Geoffroy notaire tué p la cõpagnie de Baudimẽt.

296 320 683 58 Antoine Gleys trauaillant à ſes terres fut tué.

297 357 782 66 Gaſpard Portal pris, bleſſé, rãçonné de quarante eſcus,

268 406 142 43 puis tué.

474 97 374 73 Hiſtoire e ccleſiaſt.

537 153 110 64 Beſſe.

302 434 658 61 Iaques Aruanes tué d’vn coup d’arquebouſe.

301 477 509 53 Bernabé Adré tué à coups d’eſpee.

302 514 529 56 Huguet Geoffroy, tué hors la ville.

301 553 742 59 Iean Rigord tué par des ſoldats allans à Brignolle.

301 603 778 52 Nicolas Bois conſtitué priſonnier par le iuge de Bri¬

264 627 338 54 gnolle, & tué la nuict.

294 674 788 56 Iaques Geoffroy pris par certains meurtriers en plein

263 714 818 53 iour, & mené par iceux à la mort, apres auoir en vain de¬

263 752 818 54 mandé iuſtice au Lieutenant du Baille qui s’en moqua,

261 788 819 57 fut attaché & arquebouzé contre vn poyrier, & qui plus

260 829 820 53 eſt n’eſtãt encores mort d’vn certain malheureux nõmé

260 867 817 53 Baptiſte Regnaud luy ayant trauerſé le corps d’vn coup

260 904 821 56 de dague le bailla à vn fils dudit Geoffroy, & luy tenant

257 942 820 61 Ie bras le força d’en bailler vn coup à ſon propre pere

258 982 493 57 au veu & ſceu de tout le peuple,

958 108 129 66 1562

295 1055 784 63 Honoré Guerin preſtre du lieu de S. Paul, s’en allam

259 1098 620 55 du lieu de Biel au lieu de Valaurie, fut tué.

600 1029 164 39 Antiboul.

297 1170 780 68 Vn ſeruiteur de Iean Rigaud pris dans la maiſon de

255 1211 391 48 ſon maiſtre, & tué à la rue.

289 1270 787 43 Vn marchand de Lyon eſtant au logrs de la couronne,

257 1289 125 46 fut tué.

625 1149 102 46 Ieres.

293 1327 783 58 Nicolas Marin apothicaire de Thoulon fut mis à ran¬

254 1366 823 54 çon de vingt eſcus, & dautãt qu’il ne payoit ſi toſt ſa rã¬

258 1411 822 54 çon cõme il deſiroit, fut mené en plein iour hors la ville,

254 1447 820 56 & tué par vn preſtre de la compagnie dn ſieur de Gyen.

282 1488 792 51 Iean Amelot dit de Paris, volé par les chemins, & tué.

296 1524 780 56 Vn marchand de Niſmes pris en la maiſon de Elione

259 1562 816 56 Valſiere ſa tãte, liuré au peuple & mis hors la ville, & tel

252 1603 825 55 lemẽt batu qu’il fut laiſſé pour mort: mais ayant langui

253 1639 826 57 toute la nuict & demandant ſecours le lendemain aux

252 1685 822 57 aſſiſtans, le firent acheuer de tuer auec vne hache par

958 1721 112 63 Pierre

306 241 777 62 Paulet de Geoffroy moiſſonnant ſes bleds, pris & rã¬

271 281 643 57 çonné de dix eſcus, fut tué à coups d’eſpee.
