1218 2103
79 168 800 55 ſon, fut auſſi maſſacré, en dormant, par les freres

82 239 795 20 de la lemine, laquent cependait tenott la luinelc

82 252 793 49 pour les eſclairer. Les Thebains eſtans occupez aux ſe¬

80 288 794 47 ditions de Theſſalie, declarerent toutesfois auec les

81 324 794 56 Lacedemoniens & autres villes, qu’ils ne romproient

80 365 796 52 point la paix d’Antalcidas. Les Mantineens s’aſſeurans

80 405 795 51 ſur ceſte paix, retournent & taſchent de reſtaurer leur

79 440 800 55 ville. Or Mantinee auoit eſté la principale ville d’Ar¬

78 482 799 51 cadie, baſtie par Mantineus fils de Lycaon. Pource

78 518 797 57 qu’elle eſtoit pres de Lacedemone, & que les Arcades,

85 559 792 53 comme gens tumultueux auoient acouſtumé de guer¬

79 598 798 53 roier aux gaiges d’autrui, tellement qu’il s’eſtoient ſou¬

78 637 795 54 uent emploiez par les ennemis des Laced emniens,

75 675 799 51 dautant auſſi qu’elle eſtoit comme la retaite de l’enne¬

78 712 798 56 mi, les Lacedemoniens la raſerent. Voians auſſi qu’elle

77 752 796 55 ne pouuoit eſtre rebaſtie, qu’il n’y euſt du danger à

75 790 799 54 cauſe du voiſinage, Ageſilaus s’efforça de les en empeſ¬

77 829 797 55 cher. Cela fit que les Arcades appellerent à leur ſecours

74 869 799 48 les Thebains, & ainſi la guerre fut de nouueau eſmeue

75 907 797 54 en Grece, tellement que Lacedemone en fut preſques

73 945 800 53 ruinee. Car Epaminondas qui eſtoit volontiers ſuiui

74 983 796 54 des ſoldats, à cauſe de ſa vertu, mena vne armee de

74 1022 796 49 quarante mille hommes en Lacedemone, & aiant ro¬

74 1058 795 60 dé le païs, & prins beaucoup de villes, vint iuſques à

74 1099 795 57 Lacedemone, ſans paſſer toutesfois le fleuue Eurotas

73 1137 799 54 qui eſtoit enflé à cauſe des neiges. Les Lacedemoniens

72 1174 798 58 furent tant effraiez, qu’ils mirent les ſerfs en armes, &

72 1213 800 59 leur promirent de les afranchir. Ageſilaus aiant aſſem¬

72 1253 802 54 blé dans la ville quelque moienné armee, aſauoit ſix

72 1293 800 57 mille hommes preſts à combatre, les poſa en certains

71 1333 799 54 lieux, dautant que la ville eſtoit ſans rampars. Cela

71 1368 799 57 deſtourna Epaminondas de liurer l’aſſaut: & combien

72 1407 796 58 qu’on prouoquaſt, meſmes auec iniures, Ageſilaus,

70 1447 802 55 afin de combatre, toutesfois il conclud de ne point

70 1486 804 55 tirer ſes gens en campagne. Et pourtant Epaminondas

71 1527 804 53 & Ageſilaus ſe camperent vis à vis l’vn de l’autre ſur le

68 1563 808 56 bord du fleuue Eurotas, s’entreregardans, & en admi¬

67 1601 808 55 rant la prouëſſe l’vn de l’autre penſoient aux reuoluti¬

68 1636 808 59 ons de fortune. Car c’eſtoit vn triſte ſpectacle de voir

63 1677 814 64 tour le païs en proie, veu que depuis ſix cens ans que

155 110 605 63 DES CHRONIQVES.

814 110 64 70 143
