2382 3368
210 216 1405 103 naturel & rendre tout en latin. Ainſi qu’ils faiſoient

221 300 1388 109 en Grece, Affrique, Eſpagne, & autres Prouinces

230 387 1402 104 par eux domtées. Telmognage d’vn vil naturel

216 474 1399 92 François & vilaine marque d’vne trop malheureu

221 555 1399 84 ſe ſeruitude de nos peres: dont la memoire ſe de¬

230 639 1396 93 uroit pluſtoſt effacer du meilieu de nous que de

235 715 1382 101 la rafrechir par vn ſi ſot acte, que de ne parler que

221 805 1385 93 la langue d’vn peuple tant de fois par nous vaincu.

233 886 1387 101 Comme ſçauoit bien dire ce furieux capitaine Ma

227 976 1396 87 rius ſept fois Cõſul, à ceux qui tachoient luy per¬

230 1058 1385 92 ſuader, qu’il a prinſt la lãgueGrecque. Si vous auez

235 1139 1385 90 dit il, beaux moyẽs de viure, voulez vous tãt vous

224 1220 1391 93 abaiſſer,que de prẽdre ceux de vos eſclaues? Car

224 1305 1402 103 les Grecs eſtoiẽt lors ſerfs des Romains. Sãs doute

233 1386 1399 101 c’euſt eſté les rẽdre eſgaux,voire aucunement ſupe

227 1479 1390 87 rieurs aux Romains leurs maiſtres. O qu’il n’euſt

221 1560 1402 101 pas fallu arraiſonner le plus graue des Romains ſur

227 1653 1388 78 telles apparãces de raiſons. Caril ne trouuoit non

233 1717 1382 107 ſeulemẽt mauuais de parler Grec. Mais auſſi de liſ¬

227 1810 1396 101 re autrement que par vn leger plaiſir & com’en

227 1902 1393 96 paſſant les eſcris de ce peuple. Leſquels ilpro

233 1970 1390 95 teſta tant de fois' & de viue & de morte voix,

227 2060 1399 87 deuoir eſtre la ruine des bones meurs, & par conſe

235 2138 1385 101 quent en fin la ſubuerſion de leur eſtat.Il n’en faut

227 2228 1393 107 prendre d’autre teſmoignage que les raiſons por¬

233 2323 1376 85 tées par la harangue qu’il fit en plain Senat: luy

233 2391 1384 92 voulant deſperſuader,non ſeulemẽt de n’ouir en

227 2475 1396 101 public,ains auſſi de ne receuoir les Ambaſſadeurs

230 2570 1376 96 que les Grecs luy enuoyoient pour le recher¬

235 2646 1385 110 cher de ſecours. Mais le propos qu’il tint a

547 140 719 84 AVANT-DISCOVRS.

1632 1672 250 65 C'eſtoir Ca¬

1634 1740 203 59 ton le Cen¬

1629 1790 216 79 ſeur qui a

1620 1846 188 82 print le

1640 1883 244 92 Grec ſur ſes

1634 1964 211 68 vieux ans.

1643 2017 236 93 Cicer.1.off.

1637 2301 163 79 Ciceron.

1629 2354 123 70 Pline.

1640 2413 185 73 Cate de

1651 2475 113 70 origin

1629 2534 253 81 toſeph. con¬

1640 2596 191 84 tre Apion.

1280 2747 160 104 B ij
