4096 5832
1532 345 151 126 10

1819 311 1605 155 PREMIER LIVRE DE L’IDEE

1510 443 2216 149 ble & triple ſouuent le reuenu de la Terre

1506 579 2227 162 qu’on a laiſſé oiſiue: elle recompenſe auſſi le

1510 712 2223 169 repos des eſprits, par vne riche benediction

1506 852 2230 152 de nouueaux artifices. Nos vieux peres, ont

1503 978 2230 159 inuenté pluſieurs belles choſes. Voire dõné

1510 1114 2213 156 cognoiſſance des qualitez, mouuemens,

1506 1237 2230 159 cours & forces des celeſtes, mais non de

1510 1367 2226 149 toutes. Combien nous en ont ils laiſſé qu’ils

1506 1509 2236 153 n’ont que taſté? Que nos gens ont amené à

1510 1636 2229 155 leur plain iour? Voire que leurs inuentions

1510 1769 2226 139 ſont à conferer & aucunes à preferer à celles

1516 1901 2230 140 des Anciens. Qui a-il de plus admirable en

1519 2031 2223 159 tout le cours de la Nature, que l’incompre¬

1516 2157 2236 162 henſible force de l’Aimãt? Les plus vieux tou

1519 2293 2223 166 tesfois en ont à ce qu’on dit, incognu l’vſage,

1519 2426 2233 162 la force & proprietez. Si que craintifs de ſe

1516 2553 2233 165 perdre en l’Ocean, ne s’oſans eſloigner de ſes

1519 2685 2233 162 riuages, ne trafiquoyẽt ordinairemẽt que ſur

1526 2822 2226 145 la petite mer Mediteranée, à veuë de terre,

1536 2948 2216 149 voire en toute crainte. Laquelle miſe ſous

1536 3074 2229 175 pied par la ſurnaturelle faueur de ceſte pier¬

1536 3204 2235 175 re: l’incõprehẽſible vertu de laquelle noꝰ rẽd

1545 3340 2223 178 (par l’inſpectiõ de la Bouſſole & carte marine,

1545 3473 2223 172 ſçauans, ſans ſçauoir & par pratique plus que

1552 3606 2219 175 par demonſtrations neceſſaires) aſſeurez du

1545 3738 2230 169 chemin que nous auons à tenir en plain mi¬

1545 3865 2223 168 nuict: nous fendõs toutes mers. Si que n’ayãs

1552 3994 2219 172 rien laiſſé d’incognu en tout l’Vniuers: nous

1548 4127 2236 169 cherchons de nouueaux Mondes en ce vieil

1565 4267 2216 168 Monde: & auec plus d’apparence, que ne fit

1558 4390 2220 178 iamais Alexãdre le Grand, es fantaſtiques ſu¬

1571 4516 2207 178 poſitions de la Philoſophie d’Anaxagore. Et

1571 4655 2207 201 les euſſions ia deſcouuers, peuplez, voire eſ¬
