4096 5832
1571 291 243 156 470

1948 262 1519 178 NEVFIESME LIVRE DE

1723 392 2000 184 Les Saxons, peuple ancien & touſiours

1552 534 2177 185 fort renommé, ont fait pluſieurs choſes gran¬

1552 670 2184 172 des & memorables. Partie deſquelles ont eſté

1552 803 2181 181 tellement quellement repreſentées par les

1558 939 2184 159 Germains. Entre autres ſe trouuẽt trois liures

1552 1069 2187 184 de la guerre des Saxons, dont l’Autheur eſt

1555 1250 515 133 incertain.

1733 1315 2016 185 Theodoric de Niem, a eſcrit du Sciſme

1552 1467 2190 178 d’entre les Papes Vrbain & Clement Antipa¬

1565 1607 2174 178 pe & leurs ſucceſſeurs, par trente-neuf ans,

1545 1736 2201 178 Depuis 1379. iuſques au Concile de Conſtan¬

1539 1879 2203 168 ce en trois liures, eſquelles ſont compriſes les

1532 2005 2217 188 choſes plus notables des Papes, Roys, Princes

1545 2161 1445 155 & autres affaires de l’Empire.

1652 2274 2100 178 Sigebert Moyne de Gemblacenſis en Lor¬

1529 2407 2213 185 raine, Dioceſe du Liege, Ordre ſainct Benoiſt,

1545 2546 2210 178 partiſan de l’Empereur Henty, contre Hilde¬

1536 2682 2216 172 brand Pape, dit Gregoire ſeptieſme, contre

1529 2809 2226 184 lequel il a eſcrit: enſeignoit la ieuneſſe au Mo¬

1532 2945 2223 178 naſtere de ſainct Vincent de Mets, à la façon

1539 3084 2216 175 & ſuyuant la premiere inſtitution des anciens

1536 3207 2222 175 Monaſteres. Il commence ſa Chronique dés

1532 3346 2226 179 la mort de Valens, l’an de Chriſt 381. la conti¬

1532 3483 2220 178 nuë iuſques à l’Empire de Henry cinquieſme,

1539 3612 2219 182 & an de Chriſt 1112. En laquelle il parle fort

1542 3755 2213 175 des geſtes & affaires des François, Bretons &

1542 3888 2220 174 des Empereurs Germains. Puis Robert de

1545 4020 2210 182 Monts, y adiouſta vn Supplement, iuſques au

1555 4153 2200 182 temps d’Otho quatrieſme Empereur l’an de

1568 4283 2187 188 grace 1310. Il eſcrit en vers heroïc vn Supple¬

1561 4416 2194 181 ment à l’Hiſtoire Eccleſiaſtique d’Euſebe. Vn

1568 4558 2187 178 des perſonnages fameux. Vn des Temps ou

1571 4678 2178 227 Computus, Calcul Eccleſiaſtic. Vn d’Epiſtres
