4096 6414
1090 388 884 157 VINGTIESME.

2784 420 50 153 5

238 505 2727 179 tholiques attaquerent vne groſſe eſcarmouſche & ga¬

245 641 2720 167 gnerent la contreſcarpe d’entre la porte de Cogne & le

245 766 2720 167 baſtion de l’Euangile, taillans en pieces grand nombre

242 905 2716 139 des rebelles. Trois iours apres fut commancé vne hor¬

245 1022 2717 168 rible batterie des les 4. heures du matin iuſques au ſoir,

245 1147 2717 157 laquelle ſe monta à plus de 1800, coups de canon, apres

245 1272 2720 153 laquelle deux ſoldats de la ville rapporterent à Mon¬

245 1400 2724 160 ſieur que ſon artillerie en auoit occis plus de 80. ſans

253 1532 2213 164 les bleſſez, & qu’vn ſeul en auoit emporté 22.

327 1649 2642 168 Le 24. de ce mois le baſtion de l’Euangile receut plus

260 1774 2716 171 de 700. canonnades leſquelles ouurirent breche d’vn

263 1906 2717 171 30. pied de large, & oſterent la vie a trois des principaux

256 2031 2734 164 de la ville: deux iours apres ainſi que monſieur alloit vi¬

256 2155 2727 168 ſiter les batteries fut tué vn ſoldat parmy ſa compagnie

260 2287 2727 164 que Dieu preſerua miraculeuſement des ennemis qui

260 2412 2734 146 tiroient dedans à l’enuy. Le dernier iour du preſent

267 2544 2731 160 mois on appreſta quelques gabions pour ayder & dreſ

263 2665 2724 167 ſer vne batterie dedans les vignes, ſur le haut tirant vers

270 2793 2713 164 Saint Maurice où furent miſes trois pieces pour endom

267 2921 2716 139 mager les deffences, courtines & maiſons de la ville.

285 3053 2705 150 Le 2. d’Auril on leua vne haute bute à force de terraſſe

267 3167 2723 157 & faſcine ſur laquelle fut poſee vne longue couleurine

267 3288 2713 182 pour battre tant dedans les foſſez que le long des cour¬

267 3424 2720 160 tines. Le l’ẽdemain on delaſcha en vne heure 330. coups

274 3549 2713 149 de gros canon contre les murailles pour faire breché, &

274 3666 2709 171 l’excellence alla viſiter la battetie du fort-saint Martin.

278 3809 2720 153 Trois iours apres on canonna furieuſement entre le ba¬

270 3919 2728 178 ſtion de l’Euangile & la plate forme de l’epitre iuſques

274 4051 2731 164 à plus de 600. coups auec grande ruine des murailles

281 4172 2724 157 qui neantmoins eſtoient de ſi bonne eſtoffe & manufa¬

278 4297 2712 171 cture, que la breche ne ſe peut faire aſſez raiſonuable.

288 4436 2706 160 Pour la recongnoiſtre fut delegué le capitaine du Gas,

292 4546 2709 171 qui toutes ſois n’alla ſans compagnié car Meſſieuts de

288 4667 2699 168 Neuers de Guy ſe marquis de Maine & le braue Capitai

285 4796 2702 164 ne Coſſins ſuiuiz de forces gẽtilshommes & ſoldats bie

292 4924 2695 168 armez voulurent eſtre de la partie. Adonc ſur les ſix à

303 5052 2681 164 7.heures du ſoir ceſte troupe martiale gagna le haut de

295 5173 2704 175 la breche de tel courage qu’à les voif, ilſembloit aſſaut

303 5298 2696 178 general & peu ſ'en faillit qu’ils n’entraſſent dedans avãs

295 5426 2686 200 recullé les rebelles plus de u15pas, combien que le cœur

2199 5548 364 224 22 iij

3017 5059 540 150 Braue aſſaut

3017 5206 476 135 au Baſtion

3017 5320 558 135 de l’Euangi¬

3006 5437 127 160 le¬
