2382 3368
613 125 545 112 DE FRANCE.

1616 168 71 75 10

203.0 224.0 1492.0 95.0 celle:rendant vn pareil exemple d’inconſtante vani¬

202.0 314.0 1489.0 93.0 té des choſes de ce monde, que firent depuis les Ro¬

200.0 430.0 1480.0 65.0 mains un tout atenez pal la delcente des François,

205 474 1477 109 Vandels, Gots, Turcs, Sarrazins & autres: qui doi¬

202.0 572.0 1482.0 92.0 uent encor plus craindre telle varieté, qu’ils ſont en

200.0 656.0 1482.0 101.0 tout moins fondé qu’eux: s’ils n’ont d’autre moyen

202.0 737.0 460.0 93.0 que l’ordinaire.

196 890 1467 122 Des l’eſtat ancien des Gaulois: de leurarmées nauales &

271 991 1325 103 Amiraux d’icelles: iuſques à ce que les Romains les

359 1069 1160 109 vinſſent seigneurier. Ou par occaſion eſt traité,

398 1160 1054 103 de l’eſtat naual des Germains, Scythes &

561 1246 776 108 autres peuples Septentrionaux.

724 1403 439 103 CHAP. IIII.

185 1798 236 93 EM6.

484.0 1567.0 1179.0 109.0 OVR auoir meilleure cognoiſſance du

486.0 1680.0 1147.0 82.0 fait de l’Amirauté Gauloiſe:faut preſup

488.0 1755.0 1172.0 101.0 poſer, que les Gaulois demeurerent fort

475.0 1844.0 1181.0 92.0 long tẽps libres de gouuernement eſtran¬

183.0 1923.0 1478.0 100.0 ger. Et iuſques à ce que les Princes du pays, ne pou¬

181.0 2003.0 1458.0 100.0 uans plus meſnager laiſe, que l’abondance de tou¬

174.0 2088.0 1485.0 108.0 tes choſes leur apportoit: tombez en diuiſions, puis

175.0 2177.0 1473.0 100.0 en guerres ciuiles: les plus foibles appellerẽt les Ro¬

172.0 2262.0 1476.0 89.0 mains à ſecours. Leſquels eſtans lors les plus re¬

170.0 2348.0 1478.0 93.0 nommez Seigneurs de l’Europe:y entrerent ſoubs

166.0 2424.0 1475.0 94.0 Iule Ceſar: auec telles forces & aſtuces militaires,

172.0 2511.0 1470.0 101.0 qu’apres auoir faict faire iouc aux plus grands des

171 2596 1472 104 Caulio, lis le rendhene pur lubens ce ciidero alo pue

164.0 2685.0 1473.0 104.0 maiſtres des deux parties: qu’ils maintindrẽt neant¬

1296.0 2771.0 129.0 103.0 C ij

1669.0 1680.0 262.0 47.0 Eptat ſammairs

1661.0 1721.0 270.0 54.0 des Gaulois,puis

1660.0 1758.0 271.0 74.0 des Romains qui

1661.0 1809.0 268.0 65.0 les aſſubiectirũ

1669.0 1861.0 224.0 66.0 & en fin de

1661.0 1910.0 268.0 69.0 François qui ent

1657.0 1949.0 268.0 75.0 dreſſé leur Me¬

1655.0 2011.0 246.0 56.0 narbis ſur le

1661.0 2058.0 258.0 78.0 vns & les a¬¬

1657.0 2103.0 75.0 78.0 tre.
