2382 3368
232 220 1364 113 Reiglement pour la peſcherie, auec les droits & deuoirs

623 312 552 107 de l’Amiral ſur icelle.

187 480 103 109 79.

492 469 1161 111 OVRRA accorder tréues peſchereſſes à

483 547 1151 101 noz ennemis & leurs ſubiets, s’ils la veul¬

283 700 184 6 P

488 647 1143 103 lent au ſemblable accorder aux noſtres,

181 729 1461 103 pour la harangaiſon & peſche d’autres poiſſons. Et

174 813 1468 98 ſi la tréue ne ſe peut de part & d’autre accorder,pour

172 900 1470 80 ra donner aux ſubiets de noz ennemis ſauf-conduit

177 989 1464 86 pour la peſche: & ſemblables cautions, charges &

177 1064 1452 105 prefixque leſdits ennemis les baillerõt à noz ſubiets.

175 1154 1464 97 80. Les nauires mis par luy en guerre pour la garde

172 1233 1465 99 des peſcheurs: ſoiẽt mis au deſpens d’iceux & payez

170 1319 1467 84 ſelon le conuenant & accord des peſcheurs ou de

168 1399 481 99 leurs bourgeois.

636 136 546 107 DE FRANCE.

172 1480 1472 116 81. Les baſteaux & nauires des autres ports iront à

168 1575 1461 99 cete peſche: & par le moyen de cete garde conſer¬

168 1661 1463 90 uez, ſeront tenuz contribuer au payement des gar¬

168 1740 1469 95 diens, à raiſon de leur part & grandeur au pris de la

168 1824 973 92 conuention faite par leurs voiſins.

1573 157 67 92 56

1652 499 258 82 Cõgex paur peſ¬

1654 568 74 70 ch¬

172 1902 1467 98 82. Remettãt la peſcherie en ſon premier eſtat, def¬

166 1992 1475 98 fendons à tous de vendre ny d’vſer de rets, ſeines &

170 2076 1471 96 aplets pour les harencs:ſi elles n’ont vingt aulnes de

166 2155 1475 103 long pour ſimples, & trente huict pour doubles, &

168 2243 1473 95 ſoixante macles pour largeur. Et pour peſcher ma¬

170 2323 1467 86 quereaux,trente aulnes de long & cinquante macles

168 2409 1467 103 de large. Le tout à peine de cõfiſcation deſdites ſci¬

170 2497 1463 96 nes, rets, nauires & aplets: & de deux eſcuz d’amen¬

174 2582 1459 95 de, tant contre les vendeurs qu’achepteurs, applica¬

174 2660 1367 92 ble le tiers au denonciateur & le reſte à l’Amiral.

1645 1481 119 115 Peſu¬
