4096 5648
756 59 615 336 AD.ixVInI.

2407 84 490 220 LIVRE

1296 229 2514 194 meſme que le Prince de Nemours, & le Baron des A¬

1305 398 2511 132 drets, n’y auoient voulu ſeiourner; pource qu’ils vou¬

1305 520 2514 135 loient reſeruer leurs forces contre la deicente du Pue

1311 627 2505 157 des deux Ponts, qui leur eſtoit de plus grande impor¬

1308 749 2514 151 tance: delibererent ſe retirer en leurs garniſons, ſe re¬

1315 866 2507 153 ſeruans à l’execution de plus aſſeurez deſſeins, qui fut

1318 991 2514 151 le premier de Feurier mil cinq cens ſoixante neuf. De¬

1327 1110 2505 157 quoy mal auertis, pluſieurs ſoldats qui eſtoient en pra¬

1324 1223 2514 157 tique, & pour faire meilleure Picorée, deſbandez par

1324 1342 2517 148 troupes, qui çà qui là: ſe virent à l’inſtaut chargez par

1321 1462 2514 166 ces Citadins, qui ſortirent en tel nombre qu’ils en laiſ¬

1333 1587 2508 154 ſerent bien peu retourner vie & bagues ſauues. Les Ca¬

1333 1703 2505 142 tholiques y laiſſerent quatre ou cinq cens des leurs:

1340 1829 1958 154 pour trente des aſſiegez qui y demeurerent.

1509 1936 2345 166 Depuis, comme l’heureuſe iſſue d’vne entreprinſe

1343 2064 2520 151 enfle le cœur des hommes à plus hauts deſſeins: ioint

1355 2183 2508 154 que dés le ſiege leue, pluſieurs Proteſtans commence¬

1349 2296 2505 154 rent à ſ'y retirer, comme en lieu de refuge aſſeuré: de¬

1355 2419 2515 160 libererent de tenir le port ſaint Thibaut, ſur la riuiere

1362 2538 2508 160 de Loyre, qui n’eſt qu’à vn quart de lieuë de là: à fin

1377 2660 2496 154 d’empeſcher tous marchans & autres, qui traffiquans

1381 2776 2492 148 ſur Loyre, voudroient deſcendre à Orleans, ou plus

1377 2893 2496 160 bas. Et pource dreſſerent quelque forme de fort ſur le

1384 3015 2495 172 bord de la riuiere, qu’ils trancherent & gabionnerent

1381 3137 2495 157 comme ils l’entendoient. Là quelque nombre de ſol¬

1381 3260 2495 163 dats furent eſtablis pour la garde: & faire arreſter tous

1387 3385 910 160 vaiſſeaux paſſagers.

1534 3495 2332 160 Cela ſe faiſoit principalement contre ceux de Ne¬

1371 3611 2502 173 uers & de la Charité, qui eſtoient Catholiques: leſ¬

1374 3733 2499 170 quels en fin faſches d’vne ſi imporante entreprinſe à

1377 3856 2502 166 tous les Catholique, ſ'auiſerent d’vn gentil moien:

1384 3978 2492 167 pour auec la vie, leur enleuer le fors de leur puiſſance,

1390 4104 2486 153 & à tous autres l’enuie de plus y retourner. Ils accom¬

1387 4232 2495 151 moderent quelques longs vaiſſeaux, cõme pour mar¬

1390 4336 2492 169 chandiſes, & les auoit percez à propos, & demy cou¬

1393 4458 2498 163 uers de gros madiers, eſquels ils auoient fait nombre

1390 4578 2505 166 de trous pour l’aiſe de l’harquebuſe: enuoierent par ter

1390 4697 2511 169 re pluſieurs gens de cheual: qu’ils auoient amaſſez, tant

1393 4810 2508 172 à Neuers, la Charité, que des enuirons, qui ſ'embuſ¬

1399 4938 2502 273 querent derriere quelques aibres & noiers aſtez pres:

3505 5039 399 179 Ieſquels

803 2676 534 204 Les Proteſtũs

806 2839 537 166 de Sancerre

806 2955 446 154 deffaits au

809 3075 531 138 port S. Thi¬

806 3194 537 154 baut par ceux

816 3329 439 138 de Neuers,

819 3435 524 195 & la Chari¬

828 3567 132 144 té.
