4096 5748
926 293 815 198 VRZIEME.

2364 341 156 173 383

172 450 607 156 vns les autres.

303 568 2221 179 Monſieur d’autre coſté, combien que ſon ammee ſe

166 699 2354 163 deſbandaſt d’heure à autre, receut le ſecours du Pa¬

166 814 2354 159 pe, qui eſtoit de deux mil bons cheuaux, & quatre

156 926 2358 162 mil Fantaſſins Italiens, conduits par le Comte Sain¬

162 1044 2352 163 te-Fior ſon neueu: puis s’en va à Limoges, où toſt a¬

166 1152 2342 166 pres la Roine mere auec les Cardinaux de Bourbon,

166 1258 2345 169 & de Torraine arriua: là elle voulut voir en bataille,

162 1379 2352 166 I'armee de Monſieur ſon fils: & viſitant les troupes, les

162 1513 2355 134 exhorta tous de bien faire leur deuoir, & cõtinuer au

159 1599 2358 182 ſeruice de ſa Maieſté: & s’eſtant retiree à Limoges, part

169 1711 1402 166 toſt apres, pour aller à la Court.

335 1868 2182 134 Cela ruit, ruerciord enie les PrOtcitans de paller

162 1954 2352 159 outre: mais premier que de ſe mettre en chemin, l’A¬

159 2059 2345 173 miral voulant s’aſſeurer des paſſages de la Vienne, la¬

169 2171 2335 176 quelle il ſçauoit eſtre bien ſoigneuſement gardee, en¬

162 2283 2352 169 uoia la Louë, Mareſchal de Camp, auec ſon Regiment

162 2401 2352 160 de Cauallerie: leſquels eſtans conduits par les païſans

169 2506 2345 182 du païs paſſerent la riuiere à gué, vn peu au deſſus d’Eſſ

166 2621 2335 179 la Vienne. Ce fait, ſe coulans le long de la riuiere, ga¬

166 2733 2345 163 gnerent Eſſ: où l’Amiral enuoia le Regiment de Rou¬

169 2851 2336 175 uray, pour y garder le paſſage, preuoiant bien qu’il luy

162 2966 2346 169 ſeroit debatu comme de fait, ſon Excellence y enuoya

169 3081 2335 176 quelque Regiment, auec nõbre de cheuaux, pour l’en¬

166 3190 2348 156 leuer de leurs mains. Leſquels d’abordee leur oſterent

166 3301 2348 173 le faux bourg, qui eſtoit delà l’eau, & quaſi tout à cou¬

169 3420 2342 172 uert: furent combatre les barrieres que Granry (gen¬

169 3528 2348 182 til homme Poiteuin) auec ſon enſeigne gardoit. Lequel

166 3640 2345 179 auoir dreſſé doubles barrieres, fut tellemẽt careſſé par

175 3761 2326 169 deux ou trois cens Catholiques (qui à tous propos e¬

172 3870 2329 175 ſtoient rafraichis) que la pluſpart des ſiens commen¬

185 3982 2323 172 çoiẽt à perdre cœur:tellemẽt qu’il fut en deuotion de

188 4103 2320 166 quitter tout, meſmemẽt lors que les Catholiques, ſ'en¬

175 4212 2329 172 courageans les vns les autres, pour la hõte qu’ils pen¬

175 4326 2329 167 ſoient receuoir, que ſi peu de Proteſtans les aculaſſent

175 4435 2313 172 en leur premiere courſe: ſe ruerent comme à la foulle,

182 4547 2319 172 pour gagner ſes barrieres, deſquelles en fin ils eurent

172 4643 514 153 la premiere.

325 4764 2170 179 Mais l’opiniaſtreté de Granry & de ſes ſoldats de¬

166 4882 2326 217 ſeſperans tout autre refuge, maintint le pas contre les

2518 2762 383 150 Eß & la

2510 2886 413 146 rencontre.
