4096 6983
1182 413 280 273 200

1182 622 2581 210 ceux qui par ſeduction ou mauuais conſeil

1171 779 2592 210 auroyent conſenty auſdites! entrepriſes, & le

1159 925 2610 221 declareroyent franchement & de bonne foy,

1171 1088 2592 209 dedans huict iours apres, la peine & offenſe

1159 1245 2587 238 leur eſtoit remiſe: ce qu’il promettoit en foy

1182 1408 2541 215 de Prince & parole de Roy, comme au con

1188 1600 2552 203 traire ils ne trouueroyent apres lieu de miſe

1182 1751 2552 233 ricorde, ains encourroyẽt les peines des cri

1182 1897 1369 232 minels de leſe Maieſté.

1712 366 1463 285 Hiſtoire de France,

687 2077 408 157 Defenſes

687 2176 454 174 contre les

681 2304 466 140 calomnies,

675 2420 443 140 contenans

693 2513 448 163 la legende

675 2630 472 169 de ceux de

687 2752 268 169 Guiſe.

1299 2077 2499 180 Les principaux de ceſte entrepriſe, ſe voyãs

1182 2217 2587 215 ainſi diffamez, & que ceux de Guiſe n’en¬

1188 2374 2575 221 troyẽt en aucune defenſe de leur chef, com¬

1188 2537 2581 215 me s’ils ſe fuſſent tacitement condamnez

1182 2700 2564 244 publierent auſsi de leur part & firent impri¬

1182 2897 2552 181 mer la remonſtrance dont aucuns d’eux fu

1182 3014 2581 238 rent trouuez ſaiſis en la priſon, ſous l’eſperã¬

1188 3183 2575 250 ce dé la preſenter au Roy au nom des eſtats

1176 3351 601 187 de France

1375 3526 2394 204 Au commencement ils diſoyent s’eſtre

1176 3648 2570 256 aſſez apperceus que leur aſſemblee auoit eſté

1165 3846 2622 209 par luy trouuee eſtrange, pour n’auoir co¬

1153 3991 2634 222 gnoiſſance de l’extreme neceſsité, qui les

1171 4189 2598 181 auoit contraint d’eſſayer vn extreme remede

1159 4317 2604 221 pour la conſeruation de ſa perſonne, de ſa

1147 4474 2616 210 grãdeur, & de tout le peuple, que Dieu auoit

1159 4632 2604 227 ſubmis à ſon obeiſſance. A ceſte cauſe ils

1141 4800 2622 216 preſentoyent à ſa Maieſté icelle leur remon¬

1147 4987 2622 215 ſtrance par laquelle la cauſe de ce faict eſtãt

1159 5254 2599 99 L. ls Lea M n d m

1159 5277 2593 239 e poood su

1153 5423 2610 227 o uouoopuosdno

3478 5615 268 175 2199
