4096 6261
459 236 1921 254 & Republique, liure VII.

2494 257 293 198 224

229 483 2575 212 accompaignez d’vne ſucceſſion depuis les Apoſtres

229 653 1768 167 iuſques à nous tresbien continuee.

330 768 2492 195 Il y a auſſi bon nombre de prebſtres enuoyez par

233 900 2578 188 les Eueſques abſens, & par les Chapitres & Clergez,

233 1040 2585 177 comme auſſi des Docteurs de Paris (que ie nomme

233 1172 2589 198 par honneur) & d’autres vniuerſitez fameuſes, & à

229 1311 2596 177 tous ie ſuis inferieur d’entendement, de ſcauoir &

229 1450 2596 177 de bien dire: & neantmoins par tous ordonné vous

226 1582 2596 198 faire entendre choſe à laquelle (graces à Dieu) nous

229 1770 2593 129 ſommes d’vn cueur, d’vne ame, & d'vne foy ſoubs

236 1857 2589 188 vn Dieu & ſoubs vn chef noſtre Sauueur & Redẽ¬

236 1989 2589 212 pteur leſus Chriſt, ſoubs vne meſme Egliſe catholi¬

240 2132 2582 201 que ſon eſpouſe: à luy nous ſeruons en eſprit, à luy

240 2271 2585 195 nous en vne meſme intention & priere flechiſſons

240 2410 2582 195 les genoils de nos cueurs, nous l’adorons, & par luy

240 2549 2592 174 nous demandons les graces & dons du S. Eſprit: &

243 2758 2589 101 n’auons aucune taene dicltie, queique choi

250 2838 1437 160 qu’on nous vueille impoſer.

330 2953 2512 187 Or entendez, Sire, le ſommaire de ma legation. Il

254 3099 2581 191 y a maintenant huict iours que par voſtre ordonnã¬

250 3227 2593 199 ce expreſſe furent introduicts en ce lieu nombre de

254 3370 2575 195 perſonnes qui ſe ſont ſeparez long temps a de nous

257 3506 2589 181 à noſtre treſgrand regret, faiſans diuerſe profeſſion

257 3641 2589 181 de Foy, & ne ſe voulans aſſubiectir à nos obſerua¬

257 3787 2596 160 tions: & par leur dire ont monſtré quelque deſir

257 3920 2600 177 d’apprẽdre & eſtre inſtruicts, rentrans en ceſte leur

267 4055 2572 181 patrie, & en la maiſon & aſſemblee de leurs Peres,

267 4187 2593 185 leſquels quand ils vouldront recognoiſtre, ils ſeront

264 4330 2596 167 receus & embraſſez pour enfans. A eux nous ne

274 4473 2586 167 voulons aucune choſe reprocher, mais compatir à

274 4608 2590 157 leur infirmité, non les reietter, mais rappeler, non

281 4734 2586 166 les ſeparer, mais les revnir: à fin que tous d’vne meſ¬

281 4869 2583 167 me bouche nous portions honneur à Dieu & Pere

285 5008 2579 171 de noſtre Seigneur Ieſus Chriſt. A eux doncques

285 5144 2568 202 en toute charité & eſprit de douceur nous reſpon¬

2845 2949 586 164 Sommaire de

2842 3088 575 160 la legatiõ du¬

2838 3217 596 139 dict Cardinal

2850 3321 570 167 de Lorraine.
