4096 7007
576 447 895 183 L'AN VIHIC LXX.

1900 439 1432 172 HISTOIRE DV ROY

876 794 2966 140 que les citez de Lyon, Vienne, Beſançon, Liege, le Trect, Toul, Verdun, Cambray, &

872 891 2970 132 par conſequent vne partie des païs bas: puis les terres & Comtez de la haute & baſſe

864 977 2967 140 Meuſe, qui ſont les pays du Liege, Luxembourg, Lorraine, & Elſace. Et outre ce,

860 1078 2979 136 le païs Bourguignon, auoiſinant le Rhoſne, auec le Dauphiné, Sauoye, la Franche¬

860 1175 2979 132 Comté, & partie de Prouence, vint au Chauue. Ainſi accordé, eſcrit, paſſé, iuré, &

856 1272 2986 121 emologué ceſt accord, & les deputez enuoyez pour poſer les limites, & meſurer les

852 1366 2990 136 finages, les Roys parlerent enſemble, ſ'entrepromirent la foy de ne ſe laiſſer courit

848 1459 2994 140 ſus à perſonne, & de deffendre l’vn l’autre ſi quelqu’vn vouloit leur calenger ceſt he¬

848 1572 2994 125 ritage: puis prenans congé l’vn de l’autre, Louys ſ'en alla à Aix, où il ſe trouua fort

848 1650 2994 128 mal de la cheute qu’auons dite cy deſſus, & Charles ſ'en reuint en Frãce, & fut ſeiour¬

872 2129 2970 128 Allemant giſoit malade à Aix, le Pape qui voyoit que Charles ſous ne ſçay quel pre¬

876 2230 2970 117 texte, ſ'eſtoit excuſé de faire raiſon à l'Empereur Louys, deſpecha d’autres Legats, &

887 2421 2955 124 de ſon frere, que ſes oncles ſ'eſtoyent partagé enſemble. A quoy Louys reſpondit, que

903 3569 2939 121 il ne faudroit auſſi de faire ſon deuoir: & prenoit ceſte excuſe ſçachant bien que Char

891 3663 2940 128 les eſtoit ſi entier en ſon opinion, qu’il ne voudroit onc laſcher priſe que par force.

895 3756 2944 121 Cependant afin que ce Roy Germanique ſentit quel creue-cœur eſt-ce à vn pere que

926 4422 2913 124 mine eſpouſe de ce bon Roy, ayant opinion que ſon mary feit plus de compte de Car¬

903 4519 2936 132 loman que des autres, & que veu les charges qu’il luy donnoit, il pretendit l’auancer

3644 5936 187 171 dudit

591 607 277 114 Porris de tant au païs Bourguignon (poſſedé par Lothaire apres la mort de ſon frere Charles

587 692 286 118 Chauue Roy de Bourgoigne) qu’és terres de la cõtribution du Royaume de Lorraine: tellemẽt

584 786 260 105 4u Royal

580 860 261 128 me de Lon

580 942 187 144 raine.

603 1747 251 123 Covienne ner à Gompiegne, qui eſtoit le lieu où il prenoit plus de plaiſir, qu’il embellit, fortiſia,

580 1845 274 121 lieu de ſe-& aggrandit, qui a eſté cauſe que pluſieurs ont eſtimé qu’il en ait eſté le fondateur:

576 1934 278 122 iour des mais nous auons deſia monſtré que ja du temps des Merouinges, ceſte ville eſtoit en

584 2035 284 114 Chauue. lumiere, & telle que ſouuent les Roys y prenoyent leur ſeiour. Tandis que Louys Roy

626 2320 273 136 Hadrian l’Empereur y aiouſta quelques ſeigneurs, pour redemander l’heritage & ſucceſſion

595 2394 246 109 Fape e

587 2475 277 125 Louys En

584 2524 313 130 θενεανεα- les ſuiets de Lothaire deffunct ſon neueu ſ'eſtans retirez vers luy, il n’auoit peu moins

584 2616 313 136 uoyẽς vers faire que de les receuoir, & leur promettre tout ſupport & faueur, que par ſon deuoir

591 2728 305 109 le Roy de il auoit empeſché que les Francs-Gauloys ne ſe feiſſent ſeigneurs de tout le Royau¬

591 2810 309 103 Germanie me de Lorraine: outre ce qu’il ne tenoit pas à luy que droit ne fut fait à l’Empereur

595 2892 304 114 & pour-ſon neueu, le bien duquel il ſouhaittoit autant que de ſes enfans propres, mais qu’il

591 2974 179 116 quey.

646 3006 242 127 Vεθοnσς failloit parler à ſon frere Roy de France, & aux ſeigneurs Lorrains, & Bourguignons,

595 3114 289 117 de Ιoαyς & ſçauoir ſ’ils vouloyent que l’accord & partage fait entre luy & Charles fut caſſé, &

591 3192 292 128 αuxtεgεtς que l’Empereur entraſt en l’heritage. En fin il dit que Charles feit ainſi que bon luy

595 3293 287 113 du Pape, ſembleroit, car quant à luy, il n’eſtoit pas ſi fol que ſans la volonté des ſuiets, il ſ'allaſt

595 3382 287 109 Legats du deſſaiſir d’vne ſi belle & riche Prouince. Qu’ils parlaſſent au. Roy Charles, & aux

603 3464 293 118 Pape rin- Prelats & Princes des terres de deffunct Lothaire, & ſelon qu’ils ſe gouuerneroyent,

607 3530 249 133 uaeZ

607 3616 253 121 Charles.

665 3873 255 120 5εfηιτας de voir la reuolte de ſes enfans, & qu’il fut payé de pareille monnoye que celle qu’il

619 3953 287 130 Puc αις auoit employé à l’endroit de feu Louys le Debonnaire ſon ſeigneur & pere, il vous

615 4044 290 121 Vgenεd́ες fault entendre,que luy ayant laiſſé ſur les frontieres des Wenedes ſon fils aiſné Carlo¬

622 4153 283 117 pris par man, ceſtuy feit tel & ſi bon deuoir, qu’il prit en bataille Reſtitue Duc des Venedes,

619 4239 286 107 Carloman & le conduit à Regenſpurg à ſon pere, lequel le feit mettre en priſon, en fin ordonna

619 4324 299 109 fils de que les yeux luy fuſſent creuez, & qu’on le confinaſt en vn monaſtere. La Royne Her

622 4383 277 132 Louys Ru

615 4480 288 121 de Germa

626 4562 195 113 nie.

634 4634 290 115 Leuys & plus que les autres, les incita à ſe faire auancer: eux pouſſez d’enuie, ſe retirent du pe¬

622 4714 302 120 Charles ſe re, & quelque mandement qu’on leur feit d’aller en court, ſi ne voulurent-ils en rien

619 4811 305 105 ruoltent faire. Et alla ceſte choſe ſi auant que preſque on en eſtoit venu iuſqu’aux armes, le pe¬

615 4889 312 130 cõtre leur re voulant dompter ſes enfans, & Louys & Charles ſainſi ſ'appelloyent les deux fils

619 4990 151 97 pere.

619 4990 322 148 τvεfuισς σα mal-contents) ſ'apreſtoyent pour ſe deffendre, ne ceſſans de piller & ſaccager les ter¬

615 5106 311 129 tre le pere res de leur pere, quelque part que paſſaſt leur armée. A la fin il y eut tant de gens de

619 5205 305 118 & les en- bien qui ſe meſlerent de cecy, leſquels feirent tant de voyages & pratiques, qu’en fin

619 5289 305 129 fans. on vint à l’accord, qui fut tel, qu’il y auroit trefues entre eux iuſqu’au moys de May en¬

622 5387 303 105 Charles te ſuyuant, durant lequel temps le pere aſſeura les enfans de ne point les pourſuyure, &

615 5465 312 119 lebre la fe ils iurerent de ne plus piller ainſi qu’ils auoyent commencé le Royaume: ce que fait,

619 5531 288 117 ſte de ſaict

622 5605 321 113 Peηνς au Louys laiſſant Franc-fort, ſ'en reuint à Regenſpurg pour y paſſer ſon Careſme. Ce¬

611 5681 315 119 lieu où le pendant que ces choſes ſe paſſoyent en Allemaigne, voicy les Legats & Embaſſa¬

607 5782 317 119 ſainct re-deurs du Pape, & de l’Empereur qui viennent en France au moys d’Octobre vers

611 5854 313 207 rec. Charles, lequel f'eſtoit retiré à ſainct Denys pour ſe trouuer, & aſſiſter à la ſolenniee
