2811 4025
1062 263 530 108 Pluſieurs Martyrs.

2093 270 105 116 450

471 467 1675 112 IEAN DE BVCZ&ſafemmeNICOLAS VANPOVLE.

659 534 1542 149 E neufieme de May, aſſauoir le iour enſuiuant, furent decapitezaudit Gãd, Moxty

668 617 1512 109 par ſentence dudit conſeil de Flandre, vn nommé Iean de Bucz, couſturier,

666 677 1516 107 & vn autre nõmé Nicolas Vanpoule: & auſſi fut la femme dudit lean Bucz

664 735 1518 108 plantee & enterree viue, pour les meſmes cauſes contenues en la ſentence

442 789 1738 109 du ſuſdit martyr Hœurbloc: leſqueis mouruient tous contamment. Au beigneur en

440 840 1290 101 ſoit la gloire, duquel ſeul procede telle vertu admirable: Amen.

820 1075 969 139 PIERRE, ſurnommé M IO CE, Tournſien.

433 1167 1733 100 Ce que l’Eſprit du Seigneur a predit par Iſaie, Que les pieds ſont beaux de celuy qui annonce & publie la paix, de celuy qui au

503 1214 1666 123 nonce le bien, qui preſche le falut, &c. S'accomplit iournellement en la predication & ſemence de l'Euangile és ſieux auſt

503 1252 510 69 quels fideles Miniſtres ſont enuoyez.

610 1343 1559 110 A venue de M.Pierre Brully (comme dit a eſté) apporta au pais bas de l’Em¬

592 1397 1573 119 & pereur vn fruict & aduancement en la doctrine du Seigneur, à ceux qui eſto- u DXLV

614 1460 1552 100 yent ia diſpoſez à receuoir la ſemence de ſalut eternel. Et d’autant plus que

516 1513 1646 105 Ale nombre eſtoit grand, auſſi la perſecution apres la priſe dudit Brully, fut

424 1558 1742 116 aſpre & cruelle audit pais bas. Or comme de tout temps elle a eſté la vraye touche &

424 1616 1740 121 eſprœuue pour diſcerner & cognoiſtre les fideles d’auec les hypocrites, auſſi elle mani¬

422 1670 1738 116 feſta lors ceux qui auoyent eſté vrais auditeurs de la parole du Seigneur, & ceux qui en

422 1724 1736 120 auovent fait le ſemblant. Or entre autres qui furent pour lors priſonniers, il y auoit vn

422 1777 1736 121 certain Pierre, ſurnommé vulgairement Mioce, faiſeur de trippe de veloux. Iceluy, a¬

422 1840 1736 112 uant qu’eſtre appelé à la cognoiſſance de l’Euangile, auoit mené vne vie diſſolue & a¬

420 1887 1738 116 bandonnee à tous vices: mais depuis ladite cognoiſſance il fut changé totalement, de

420 1947 1733 119 ſorte qu’il paſſoit les autres en zele & ferueur d’eſprit: comme il le monſtra tant en ſon

420 2005 1134 94 empriſonnement qu’en la mort qu’il endura treſcruelle.

462 2057 1698 114 DE premier abord eſtant interrogué s’il auoit eſté des auditeurs de ce preſcheur d’¬

418 2108 1740 112 Alemagne, reſpondit franchement qu'ouy.& qu'il auoit grandement profité en la do¬

415 2166 1734 117 ctrine de noſtre Seigneur Ieſus Chriſt par luy annoncee. Les aduerſaires luy dirent,

415 2215 1738 119 La veux-tu ſouſtenir? Ouy, dit-il, d’autant qu’elle s’accorde à ce qui eſt contenu au vieil

415 2276 1734 121 & nouueau Teſtament. Or les Iuges, pour l’eſpouuanter, & eſbranler ſa conſtance,

415 2325 1736 121 commanderent en grand’ colere qu’on le menaſt au chaſteau de Tournay, au bas d’v¬

413 2385 1733 119 ne tour enuironnee de foſſez pleins de crapaux de autres beſtes venimeuſes & infectes,

411 2430 1738 125 à cauſe du receptacle des eaux croupies qui y ſont: & en laquelle on ne met ſinon ceux

409 2493 1740 121 qu’on veut incontinent enuoyer à la mort. Et afin qu’il penſaſt de plus pres à ſon affai¬

407 2546 1739 119 re, il fut menacé ne partir de ceſte orde priſon tant qu’il parlaſt autre langage. Il eut

409 2596 1735 125 donc ledit lieu pour priſon depuis le mois de Nouembre, iuſqu’à ce qu’on luy pronon¬

409 2652 1733 129 ça ſa ſentence de mort. pendant lequel temps la iuſtice, accompagnee de caphars, l'e¬

409 2712 1733 125 xaminerent ſouuent, non pour autre choſe que pour le faire deſdire. On luy amena

409 2759 1733 123 le meſme docteur Cordelier nommé Hazard, qui auoit tourmenté Brully, auec autres

409 2813 1733 125 pour diſputer contre luy: mais rien ne l’eſbranla. Eſtant vn iour deuant eux, il leur

409 2875 1731 116 dit, Ie m’eſmerueille, Meſſieurs, que maintenant vous m’eſtes tous ſi contraires, iuſ¬

409 2922 1731 125 ques à deſirer ma mort: & toutefois quand ie menoye publiquement vie diſſolue, pas

409 2978 1731 123 vn de vous ne ma iamais reprins. Apres ces paroles, tous ceux qui eſtoyent là pre¬

404 3034 1731 123 ſens, commencerent à regarder l’vn l’autre ſans ſonner mot. Hazard, comme le

404 3083 1731 128 plus effronté, commença de dire, Ne penſes-tu pas maintenant eſtre plus meſchant

404 3146 1727 120 que iamais? Voire à ton iugement, dit Mioce. mais ce n’eſt pas à toy, Caphard, que ie m'

402 3199 1735 121 adreſſe, c’eſt à mon Magiſtrat qui eſt ici preſent. pour ton honneur, tu te deurois taire

402 3251 1733 132 en la compagnie des gens de bien. Ceſte parole abaiſſa aucunement le caquet du Cor¬

400 3307 1737 123 delier. Lors ceux de la iuſtice, pour parfaire ſon procez, l’interroguerent ſur pluſieurs

398 3360 1735 132 poincts, ſpecialement de la Meſſe & des Sacremens: luy commandant de reſpondre

398 3416 1735 164 lommairement ſans faire long propos. Mioce eſtant ioyeux d’eſtre interrogué de ſa

1889 3521 130 103 C. ii.
