4096 6163
664 431 1589 198 DES TROIS MONDES

2558 448 123 181 30

332 592 1815 212 qu’en auoit eſté le commencement.

482 725 2220 206 Si que l’Empire Macedonien deſmembré à

335 879 2389 196 tant de Capitaines, qui ſe firent Roytéletz des l'Empire

339 1010 2375 239 pays les plus commodes qu’ils peurent ſaiſir: Grec.

339 1160 2387 202 ne laiſſans aux Grecz qu’vn vain deſir de leur

339 1311 2380 202 ancienne liberté: fut occaſion que de puis ce¬

342 1448 2380 209 ſte premiere ſeruitude, ils ne ſe ſceurent iamais

345 1595 2381 192 releuer, ny de biens, ny d’honneur, ny de crean¬

342 1735 2387 199 ce vers leurs voiſins: deſquelz ce pendant les

356 1872 2370 206 Romains croiſſans par l’affoibliſſement des

352 2026 2374 196 reſtes du Macedonien: ne leur apporterent

356 2198 2380 171 plus de commoditez qu’ils auoient eu des au¬

356 2304 2376 195 tres: viuans tant eſclaues, & ſi priuez de repu¬

359 2441 2380 212 tation, que preſque tous les Medecins, Prece¬

363 2643 2376 147 pteurs, Maiſtres d’elcolles, & elclaues RO¬

363 2725 2387 205 mains eſtoient Grecz, deſquels ils ſe ſeruoient

363 2872 2390 192 à telles vacations peu recommandables en la

369 3013 2384 215 Republique pour vn long temps: meſmes plu¬

373 3160 2370 198 ſieurs grands perſonnages n’en daignoient ap¬

363 3300 2383 199 prendre la langue pour belle qu’elle fuſt, com¬

376 3444 2370 195 me diſoit Marius: Que ce luy ſeroit vn grand

383 3574 2363 205 deshonneur de parler la langue de ceux qui

386 3718 2360 202 ne ſembloient nez, que pour le ſeruice des

393 3916 394 148 autres.

578 3988 2185 209 Les Romains toutesfois paruenus au plus ART.15.

397 4146 2364 202 grand Empire de leur temps, ne deſmentirent Art de na¬

397 4286 2362 199 gueres les Grecz en l’Art & Practique de naui-uiger der

400 4420 2350 209 ger. Encores qu’ils eſcriuẽt, que pour traffiquer

397 4570 2353 189 & auoir eſtape en Dioſcurie, ſur la riuiere d’An¬

397 4718 2353 178 temon en la contree de Coraram, fondee par

397 4851 2356 199 les Mengreliens pres la mer Caſpie, ilz ſe pour¬

397 4998 2363 220 ueurent de cent trente truchements, pour

2726 643 438 195 ART. I4.

2722 811 394 127 Ruine de

2784 4368 366 202 Romains

2791 4762 431 178 Plin.6.c.5.
