4096 6076
489 543 1682 189 DE L’HISTOIRE ACCOMPLIE.

2282 519 176 220 17-

253 702 2252 165 ne, & maintient la vie tant au corps entier de

256 843 2236 166 tout le monde qu’aux parcelles d’iceluy?

256 978 2242 162 Ioinct que comme la vraye louange vient de

253 1117 2252 162 ce qui nous eſt propre & volontaire: non

256 1248 2239 149 commun auec autruy: ny forcé ou tellement

253 1370 2239 159 habitué en nous, que lon y ſoit pouſſé autre¬

253 1508 2245 156 ment que de franche volonté. Auſſi le Pere a

253 1647 2239 155 cette vertu, non de pure volonté, ains par

249 1772 2243 168 hazard & faueur de quelque heureuſe ren¬

253 1903 2232 172 contre plus que de ſa diſcretion: que l’igno¬

256 2052 2236 152 rance ou quelque accident, trauerſe ordi¬

253 2177 2245 152 nairement. L’vn & l’autre d’ailleurs, n’opere

260 2305 2242 169 que ſur corps ſimples & ſans grand ſoin, cet¬

256 2481 2246 108 tuy là, pouſle de lon plamnrs cectur ey de ronr

249 2575 2249 165 profit & tous deux trauaillent en ouurage de

256 2700 2246 169 petite duree. Mais l’Hiſtorien, ne faict rien

256 2845 2236 152 que de ſon propre & volontaire mouuement.

260 2973 2238 166 Que par vne longue preuoiance & diſcretion

253 3105 2232 159 aſſeuree, prenant l’vn ou pluſieurs des plus

256 3243 2242 146 renommez eſtats de tout le monde, voire

260 3365 2232 155 l’vniuers meſme, pour digne ſubiect de ſon

256 3497 2236 155 labeur, auec telle attention & reſpect, qu’il

253 3628 2239 162 eſt requis. Auquel le plaiſir charnel ne le

260 3756 2225 163 peut affectionner, ains le ſeul vertueux &

256 3895 2236 155 ſpirituel contentement. Non plus que la con¬

260 4027 2235 158 ſideration de quelque profit, qui luy feroit

260 4155 2235 165 perdre le tiltre d’Hiſtorien, pour le renuer¬

260 4286 2228 166 ſer entre les fableurs gagez & charlatans

256 4421 2239 142 mercenaires. Si que franc & net de toutes

260 4570 2235 138 paſſions, qui deſtournent les autres de leur

256 4688 2232 155 deuoir: Il n’a autre ſoin, que ſous vne vraye

260 4820 2225 182 repreſentation de toutes choſes: donner &

1911 4921 131 219 M
