4096 5884
931 290 481 255 M.D.1*X.

2458 281 467 160 LIVRE

1477 395 2432 203 d'iceluy noſtredit Edict, faire auſſi incontinent publier

1484 549 2432 186 tant par eux que les Baillyz & Seneſchaux, Maires, Eſ¬

1487 666 2416 161 cheuins, Capitouls, & autres Iuges ordinaires des vil¬

1490 784 2413 177 les de leurdit gouuernement, & par tout où il appar¬

1487 902 2416 157 tiendra, enſemble iceluy garder, obſeruer, & entrete¬

1487 1003 2422 196 nit chacun en ſon endroit, pour au pluſtoſt faire ceſſer

1493 1124 2413 170 toutes voyes d’hoſtilité, & empeſcher que toutes im¬

1493 1242 2419 179 poſitions faites ou à faire à l’occaſion deſdits troubles,

1497 1353 2419 173 ſoyent leuees apres la publication de noſtre preſent

1497 1464 2415 176 Edict. Ce que deſlors de ladite publication, nous de¬

1497 1585 2415 170 clarons eſtre ſuiet à punition & reparation, Sauoir eſt,

1497 1703 2429 173 contre ceux qui vſeront d’armes, forces & violences

1497 1817 2415 186 en la contrauẽtion & infraction de ceſtuy noſtre pre¬

1497 1928 2425 193 ſent Edict, empeſchans l’effect, execution où iouiſ¬

1500 2052 2419 183 ſance d’iceluy de peine de mort ſans eſpoir de grace ny

1503 2170 2426 186 remiſſion. Et quant aux autres contrauentions, qui ne

1510 2288 2425 180 ſerõt faites par voyes d’armes, force & violẽce, ſeront

1503 2402 2426 183 punis par autres peines corporelles, banniſſemens, a¬

1503 2517 2436 176 mendes honorables, & autres pecuniaires ſelon la gra¬

1506 2637 2436 170 uité & exigence des cas à l’arbitre & moderation des

1513 2745 2426 180 Iuges à qui nous en auons attribué la cognoiſſance,

1513 2860 2429 180 chargeant en ceſt endroit leurs honneurs & conſcien¬

1516 2981 2423 176 ces d’y proceder auec la iuſtice & egalité qu’il appar¬

1526 3092 2419 193 tient, ſans acception ou difference de perſonnes ny de

1533 3249 490 150 Religion.

2549 3337 396 167 XLVI.

1722 3419 2226 202 Si donnons en mandement auſdits gens tenans

1529 3559 2416 170 noſdites Courts de Parlemens, Chambre de nos Com¬

1536 3674 2406 196 ptes, Courts de nos Aidez, Baillyz, Seneſchaux, Pre¬

1536 3801 2412 183 uoſts & autres nos Iuſticiers & Officiers qu’il appar¬

1536 3906 2412 176 tiendra ou à leurs Lieutenans, que ceſtuy noſtre pre¬

1539 4010 2416 197 ſent Edict, & ordonnance ils facent lire, publier, &

1549 4135 2399 179 enregiſtrer en leurs Courts & Iuriſdictions, & ice luy

1549 4249 2409 190 entretenir, garder, & obſeruer inuiolablemẽt de poict

1549 4363 2409 193 en poinct, & du contenu iouir & vſer plainement &

1556 4484 2405 183 paiſiblement tous ceux qu’il appartiendra, ceſſans &

1562 4592 2393 196 faiſans ceſſer tous troubles & empeſchemens au con¬

1562 4720 2393 196 traire, Car tel eſt noſtre plaiſir. En teſmoing dequoy

1562 4834 2396 193 nous auons ſigné ces preſentes de noſtre propre main,

1572 4945 2386 229 & à icelles, afin que ce ſoit choſe ferme & ſtable à toul
