1192 1885
408 80 227 69 de Sauoye.

857 97 81 64 105

142 181 794 41 selcouicroit. Ou, comié d’autres

142 213 794 77 l’excuſans ſur la cognoiſſãce de ſon

138 282 797 69 naturel, le font ſi lent, tant conſide¬

138 349 797 75 ré & iudicieux, qu’il ſe treuue

134 416 800 76 mieux fortuné en dilayãt & meſna¬

137 481 793 80 geãt les occaſiõs cõme elles ſe pre¬

133 555 799 71 ſentent, qu’en laiſſant aller choſe

131 617 800 77 qui ſoit à la fortune. D’autres le

129 683 799 79 maintiennent ſi reſpectueux vers

129 750 797 81 l’Eſpagnol:tant obligé, voire inter¬

126 821 799 77 reſſé à lui, pour les diuerſes eſperan¬

125 890 800 76 ces eſquelles on le ſçait entretenir:

128 957 790 74 qu’il n’a iamais riẽ voulu hazarder,

122 1022 799 77 ſans eſtre biẽ aſſeuré des moyẽs, au¬

122 1090 798 69 tant que de la bonne volonté de ce

121 1156 799 77 Roy ſon beau-frere: en l’attente de

120 1224 794 76 laquelle, il a touſiours mis tout l’eſ¬

120 1292 795 81 poir de ceſte guerre. Il y en a, qui le

120 1358 792 80 diſent tellemẽt poſſedé par certains

118 1427 793 82 Aſtrologues & Deuins, qu’il regle

117 1495 790 73 & meſure, les euenements de ſes

116 1559 785 88 deſſeins à leurs predictions, & no¬
