4096 6968
1215 406 345 275 390

1742 375 1568 283 Hiſtoire de France,

1176 658 2602 224 par leur moyen, attendu la conſpiration de

1173 851 2605 194 changer la Religion, comme l’eſperance

1184 1014 2590 186 leur en eſtoit donnee par le Roy de Nauar¬

1176 1172 2606 186 re & le Prince de Cõdé ſon frere. Ceſte mõ¬

1184 1347 2598 197 noye fut priſe en payement, de ſorte que

1180 1529 2602 174 tous les moyenneurs de paix & du repos pu

1184 1664 2598 190 blic, perdirent le tẽps, le drap & l’argẽt’auec

1176 1819 2602 193 leur credit. Bref, ils ne ſeruirent d’autre cho¬

1180 1993 2598 190 ſe qu’à confermer tant plus l’authorité de

1173 2148 2609 201 ceux de Guiſe, qui ne faillirent de ſe rẽparer

1176 2314 2602 194 de toutes fortes de gẽs: tellemẽt que le Duc

1176 2473 2598 182 de Guiſe diſoit haut &clair auoir la promeſ¬

1180 2643 2590 194 ſe de mil ou douze cens gentilshommes ſi¬

1192 2806 2590 197 gnalez, & le ſerment de leurs chefs, anec leſ

1184 2969 2586 193 quels & les vieilles bandes venues de Pied¬

1188 3127 2575 182 mõt, & autres dõt il s’aſſeuroit, il paſſeroit ſur

1200 3298 2563 189 le vẽtre à tous ſes ennemis. Cela venu à leur

1188 4114 2578 186 l’entrepriſe de la Renaudie. Entre autres,

1180 4265 2594 210 Maligny l’aiſné ne ſe pouuoit perſuader

1188 4432 2571 197 qu’il fuſt ouy en ſes iuſtifications, s’il al¬

1184 4587 2582 205 loit à la Cour pour rẽdre raiſon de ce qu’on

1184 4765 2590 174 luy demanderoit. Bien ſe tenoit-il net de

1184 4920 2586 209 l’entrepriſe d’Amboyſe, & eſperoit bien

1180 5094 2586 182 monſtrer n’auoir eu aucune communica¬

1180 5245 2598 197 tion auec les chefs & conducteurs d’icel¬

1176 5411 2594 190 le. Mais d’vn autre coſté, il regardoit que

1180 5574 2583 224 de s’aller rendre entre les mains d’vn enne¬

3302 5748 468 182 my tant

677 3247 387 182 Contre¬

673 3379 472 170 mine des

673 3509 495 156 perſecutez conoiſſance, & de tous ceux qui faiſoyẽt pro

677 3623 506 151 contre la feſsion de l’Euangile, fut cauſe que ceux-la

665 3731 388 159 ligue de

669 3833 518 161 leurs enne meſmes aduiſerent de plus pres à leurs afai¬

673 3978 509 136 mis renou res, qui n’eſtoyent autrement engagez en

669 4084 283 170 uelee.
