4096 5772
1077 214 701 193 M.D.LXI. De l’eſtat de la Religion

1363 416 2399 222 admiration de la prouidence de Dieu tout puiſſant,

1356 564 2416 189 par la ſeule clemence duquel il auoit eſté preſerué

1356 702 2416 183 des aguets de ſes ennemis, & faict cognoiſtre ſõ in¬

1350 840 2422 166 nocence auec vn exemple perpetuel: Que les artifi¬

1350 949 2418 182 ces des calomniateurs profitent bien peu à l'encon¬

1347 1077 2421 196 tre de ceux qui ont mis leur eſperance en luy, & qui

1350 1199 2412 199 l'ont inuoqué à leur ſecours pour leur inuincible

1353 1340 555 151 protecteur.

1440 1446 2319 202 Puis il adiouſta qu’il auoit touſiours deſiré que ſa

1343 1587 2416 192 cauſe fuſt cogneue & iugee par ladicte Cour, qui e¬

1347 1709 2409 198 ſtoit le vray tẽple de la Iuſtice Francoiſe, & du corps

1353 1840 2403 196 de laquelle il eſtoit, comme Prince du ſang: & qu’il

1321 2225 2425 189 l'equité de ſa cauſe contre la calomnie de ſes enne¬

1318 2356 2425 190 mis: à fin que le tout y fuſt iugé & decidé par vn ho¬

1315 2491 2428 180 norable &memorable arreſt, digne de l’accouſtumee

1324 2616 2409 186 grauité & ſaincteté de la Cour: La ſuppliant de luy

1321 2744 2418 177 garder ſon honneur, qu’il auoit touſiours eſtimé

1311 2876 2425 186 beaucoup plus cher que ſa propre vie. Ce faict il ſe

1305 3014 2431 173 retira, apres auoir requis que Pierre Robert ſon ad¬

1305 3129 2428 180 uocat, aſſiſté des autres aduocats de ſon conſeil, fuſt

1305 3264 2425 179 oui en ſes remõſtrances, à fin que ladicte Cour peuſt

1295 3383 2428 186 eſtre amplemẽt informee de l’ẽtiere verité du faict.

1302 4030 2409 183 teurs, c’eſt àſcauoir par afflictiõ, laquelle il enuoyoit

1292 4162 2415 170 ſouuentesfois à ſes bien-aimez, meſmes à ceux qui

1276 4293 2425 167 eſtoyent eſſeuez en hault lieu: pour deux principa¬

1276 4418 2428 177 les raiſõs. L’vne, à fin que les Rois & illuſtres Prin¬

1273 4553 2422 170 ces, qui tiennent les grands gouuernements de ce

1266 4678 2429 173 monde, recognoiſſent n’auoir puiſſance ny grãdeur

1270 4803 2421 212 d’ailleurs, que de la grandeur & de la puiſſance de

882 1628 442 180 La Cour de

782 1770 449 131 Parlement

779 1879 539 160 uray temple

785 1994 567 138 de la Iuſtice penſeroit ſe faire grand tort ſ'il n’y repreſentoit, cõ¬

785 2122 470 132 de France, me au plus celebre theatre du monde, le droict &

750 3511 561 157 PierreRobert Adonc Robert print la parole, & remonſtra com¬

740 3652 567 142 aduocat en la me il auoit pleu à Dieu eſſayer monſieur le Prince

740 3758 554 141 Cour remon-auec le meſme eſſay dont ſa diuinité auoit ſouuent

734 3880 564 137 ſtra a icelle la voulu vſer enuers ſes plus loyaux & fidelles ſerui¬

731 4008 542 115 uerite du fait

734 4091 532 151 de mondit ſi¬

731 4213 526 157 eur le Prince.
