2811 4017
486 225 328 129 Liur VI.

1207 200 552 134 Hierome Caſabone

667 310 1713 109 ſonnier a eſté renuoyé au vicaire de l’Archeueſque de ceſte ville de Thurin, & de l'al¬

667 390 1710 85 bé de Pignerol, & à l’Inquiſiteur de la foy, pour luy faire & parfaire ſon procés, & icclu¬

665 446 1712 80 iuger entant que touche le faict & crime d’hereſie ſeulement: Sauf à faire droict ſur le¬

665 499 1712 83 cas priuilegez à la forme de l’edict du Roy: Le procés fait par leſdits Vicaire & Inquiſi,

665 557 1708 76 teur audit Hector, perſiſtant & perſeuerant en ſeſdites hereſies & erreurs: Auec la ſen¬

663 609 1719 82 tence par eux donnee le dixieme iour de ce preſent mois de Iuin, par laquelle ledit He¬

663 662 1717 83 ctor cõme obſtiné a eſté declaré heretique & ſchiſmatique, reprouué & ſeparé de l'epll¬

663 720 1719 81 ſe, & renuoyé à ſon iuge ſecunier pour eſtre bruſlé ſelon la loy: Et ouys derechef les pens

667 774 1717 78 du Roy, anſquels le tout a eſté communiqué: & toutes choſes meurement conſiderece¬

672 830 1710 80 Ladité Cour a condamné & condamne ledit Berthelemy Hector à eſtre bruſlé vif en la

672 1048 1712 76 & a ordonné & ordonne que les liures deſquels il a eſté trouué ſaiſy par luy apportez de

672 1100 1714 80 Geneue & illec imprimez, pour vendre eſdites vallees de Luſerne & ſainct Martin, con

669 1167 1715 64 tenans ladite doctrine heretique & reprouuee, ſeront bruſlez en la preſence dudit He¬

672 1211 1714 72 ctor. Tous & chacuns ſes biens & la marchandiſe qu’il portoit à vendre, declaree con¬

672 1269 1712 76 fiſquee au Roy, les frais faits par ceux qui l’ont fait priſonnier & detenu en la vallee de

669 1332 1715 67 ſainct Martin & autres frais de Iuſtice ſur iceux prealablement payez: de laquelle con¬

669 1385 1713 65 fiſcation les denonciateurs en auront la tierce partie ſuyuant l’edict du Roy. Ainſi ſigné

669 1430 1715 74 Hierome Purpurat, & Auguſtin de eccleſia. le 19. de Iuin M. D. L V1. Et au deſſous dudit

674 1484 1710 104 areſt fut mis vn retentum de la Cour qu’en mettant le feu, Hector ſeroit eſtranglé, en ſor¬

672 1539 656 85 te qu’il n’en ſentiroit la douleur.

734 1580 1652 84 e lendemain 2o.iour, ledit areſt fut prononcé à Berthelemy, lequel apres auoir loue

674 1640 1710 89 LDieu des graces qu’il luy faiſoit de ſouffrir pour ſon nom, demeura autant ferme &

674 1713 1710 61 conſtant qu’il eſt poſſible de penſer. Et dauantage remonſtra l’aueuglement au peuple

672 1767 1712 62 & à ceux que la Cour luy auoit expreſſément attiltrez pour luy perſuader qu’on luy ſau¬

669 1812 1715 75 ueroit la vie, & le renuoyeroit-on ſain & ſauf. Et que tãt s’en falloit qu’il les vouluſt croi¬

669 1867 1713 70 re, que iamais choſe plus douce ne plus agreable ne luy eſtoit aduenue, que de mourit

672 1930 1712 71 pour ſi bonne querelle. La Cour aduertie de ſa fermeté & conſtance par les Conſeil¬

669 1977 1715 76 liers qu’elle y auoit (comme dit eſt) enuoyez, & comme ils n’auoyent peu tirer autre cho

667 2030 1717 78 ſe de luy:le menaça que s’il parloit en allant au ſupplice ou eſtant là, qu’on luy coupe¬

669 2086 1715 74 roit la langue. Mais tant s’en fallut que cela l’eſtõnaſt qu’il en fut dauãtage encouragé:

669 2149 1715 64 & eut ce bien iuſques à la mort, à exhorter le peuple en la crainte de Dieu, & à mõſtrer

667 2193 1715 72 l'erreur auq̃l ils eſtoyẽt plõgez.Eſtãt arriué au lieu du ſupplice, la Cour luy enuoya dere¬

667 2249 1717 74 chef dire, que s’il ſe vouloit deſdire & conuertir, il ne mourroit point: mais ne tenant cõ¬

665 2307 1721 78 te de leurs promeſſes il ſe mit à genoux pour faire ſa priere à Dieu, laquelle il continua

665 2365 1719 69 aſſez longuement. & entre autres choſes le ſupplia à haute voix de pardonner à ſes

665 2414 1719 83 Iuges, & qu’il leur vouluſt ouurir les yeux pour entendre la verité de ſa parolle. Puis

667 2470 1717 74 il fit encores quelques remonſtrances au peuple qui aſſiſtoit là: dont la plus part ſe mit

667 2519 1715 89 à pleurer & regretter ſa mort, diſant, qu’ils s’eſmerueilloyent comment on faiſoit mou¬

665 2582 1715 82 rir vn tel homme, qui ne parloit que de Dieu.Sur l’heure eſtant mené & attaché au po¬

663 2626 1719 92 ſteau, comme on luy mettoit la poudre à canon & le ſoulfre deuant le ſein, eſleuant les

665 2689 1715 91 yeux au ciel, dit, O Seigneur que cecy m’eſt doux. Il fut eſtranglé, & ſon corps reduit en

665 2744 1237 79 cendres, en ſacrifice de bon odeur au Seigneur & à ſon Egliſe.

1033 2939 987 64 HIEROME CASABONE, Biernois.

658 2974 1719 110 LE motif & la cauſe de la prinſe de ce Martyr, nous doit admonneſter, que ſi la verité du Seigneur ne nous eſt pre

759 3041 1614 76 cieuſe iuſques là, de nous abandonner pluſtoſt à tous dangers, que de la voir ou ouyr conuertie en opprobre

756 3088 1624 69 æmenſonge, nous ne ſommes pas dignes d’eſtre reputez Chreſtiens. Car puis que Dieu eſtime plus ſa Parolle

759 3135 1618 80 qu’il ne fait tout ce qui eſt au monde, c’eſt bien raiſon que tous ſes dõs & graces ſoyent em ployez à la main¬

756 3189 456 49 tenir entant qu’en nous ſera.

895 3191 1480 107 EVX d’Agenois eurent en ce temps M.Hierome Caſabone natif du pays

895 3267 1480 93 de Bierne, pour heraut & teſmoin de la verité Euangelique. Iceluy ayant

893 3320 1478 96 quelque temps regenté à Monflanquin, en Agenois, fut pedagogue de plu¬

895 3374 1480 129 ſieurs enfans de bõne maiſon, les enſeignant auec les bonnes lettres, la Pie¬

2301 3416 63 101 té.

492 877 181 83 La Cour?- place du chaſteau de ceſte ville vn iour de marché, comme heretiq̃ & ſchiſmatique de¬

489 933 184 71 attend& ſe clarè par la ſentence deſdits Vicaire & Inquiſiteur, & comme ſeducteur & turbateur

493 979 147 52 deſcharge

489 1004 184 70 ſur le iuse- de la paix de la republique Chreſtienne, & infracteur des edicts & ordonnances royaux:

495 1062 152 49 ment des

486 1091 170 111 aducſare

473 3175 190 168 ADIM
