4096 5744
1206 245 709 224 M.D.LXI.

2040 245 1682 287 De l’eſtat de la Religion

1490 453 2120 226 ſtré amplement au quatrieme liure des Rois.

1593 593 2317 236 Or, Sire, vous voyez les diuiſions & diſcordes qui

1487 737 2417 210 pullulent en voſtre Royaume pour le faict de ladi¬

1484 852 2420 223 cte Religion. Oncques Roy ne Monarque ne fut

1474 989 2424 217 mieux occaſionné de regarder au liure de vie, ſca¬

1474 1123 2420 214 uoir & cognoiſtre la loy y contenue, & la faire obſer

1468 1238 2417 226 uer, que vous eſtes à preſent. Et certainement cela

1462 1362 2413 223 depend de voſtre authorité, preeminence & office.

1455 1487 2420 220 Il eſt eſcript au Deuteronome, que le Roy doit lire

1452 1624 2410 226 la loy & ordonnance de Dieu, à fin de le craindre &

1458 1758 2411 217 reuerer. La Religion & amour de Dieu apporte a¬

1452 1879 2414 214 uec ſoy toute vnion & concorde, conſerue en inte¬

1417 2399 2420 211 cueurs des hommes en toute fermeté & conſtance,

1411 2527 2432 204 les rend prompts à expoſer leurs biens, vies & per¬

1404 2651 2433 211 ſonnes pour la maintenir: de maniere que le pere ſe

1401 2782 2433 204 leue & dreſſe contre ſon enfant, le frere contre ſon

1395 2916 2432 204 frete, & ſouffrent toutes perſecutions de grand' a¬

1391 3041 2436 207 mour & affection qu’ils ont à ladicte Religion. Ce¬

1388 3162 2417 220 Ia nous eſt monſtré clairement en ſainct Matthieu,

1391 3296 1839 195 où leſus Chriſt le predit à ſes Apoſtres.

881 2032 547 137 ces de la Reli-grité les Royaumes & Monarchies, eſt mere nourri¬

893 2144 545 137 gion & crain ce de paix & amitié entre les hommes: & eſt de telle

881 2259 474 153 te de Dieu. force, vertu & vigueur, que ſemee & imprimee aux

1481 3420 2330 217 Les opiniõs diuerſes que tiennent vos ſubiects ne

1379 3558 2426 207 prouiennent que de grãd zele qu’ils ont au ſalut de

1375 3682 2427 204 leurs ames. Les deux parties, (dõt l’vne ſuit l’Egliſe

1369 3813 2430 207 Romaine, l’autre ſe dit ſuyure l’Euangile en ſa pure¬

1360 4327 2419 210 dient tenir le parti de l’Euãgile, croyent ne pouuoir

1350 4473 2420 176 communiquer aux ceremonies de l’Egliſe Romaine

1337 4588 2433 189 ſans iacture de leur ſalut: L’autre partie ſe promet

1334 4722 2426 189 meſme condemnation, ſi elle contreuient aux cere¬

1334 4853 2283 220 monies introduictes en ladicte Egliſe Romaine.

807 3931 560 175 De la differè- té,) confeſſent vn ſeul Dieu, & celuy qu’il a enuoyé

804 4078 560 143 ce qui eſt être leſus Chriſt ſon fils: mais le recognoiſſent par moy¬

794 4196 550 147 les deux Reli-ens fort diuers & differents. D’autãt que ceux qui ſe

960 1771 467 185 Les grandes

884 1908 552 143 uertus &for¬

801 4314 527 121 gions Romai¬

791 4413 537 169 ne & Euan¬

804 4524 303 176 gelique.
