2382 3368
1111 93 702 99 A VANT-DISCOVRS.

765 179 1405 101 tous les moyens propres à la grandeur:ne nous re¬

759 265 1407 97 ſte que le iugement Romain? à la verité plus con¬

763 351 1413 96 ſtant & arreſté que celuy du trop remuant Fran¬

765 437 1413 101 çois. Mais qui deſeſpere, qu’il ſe puiſſe vn iour ren

765 525 1409 88 contrer,com' il a ia fait au temps de Charlemagne

767 604 1411 99 la vertu duquel nous acquit l’Empire preſque de

769 688 1410 86 toute la Chreſtienté? Pour ne parler toutesfois que

769 767 1410 93 de la langue: ie me tiens aſſeuré que ſi noſtre Prin

772 853 1411 101 ce veuſt, il verra deuant ſon dernier iour, la langue

776 941 1407 97 Françoiſe conduite à ſon periode, non moins loua

776 1023 1407 99 ble que celuy de la Latine. Qui n’a fait conoitre ſa

784 1107 1397 92 valeur, que par la hardieſſe des Auteurs, & la fa¬

782 1190 1399 108 ueur que les Princes ont porté à ſi genereux deſ¬

784 1268 164 112 ſeing
