1991 2647
1353 238 177 66 LIVRE

972 299 979 84 les pareſſeux Sans doute la ſcience des armes nourrit e

978 364 976 63 entretient le ſoldat en vn audacieux deſir de combatre

980 407 972 67 qui craint de faire ce qu’il s’aſſeure bien ſauoir? & com

974 452 978 71 me le coup preueu nuiſt & bleſſe moins que celuy que

977 501 980 69 on reçoit à l’improuiſte, la cognoiſſance que vous auez

978 548 977 69 de longue main acquiſe d’vne choſe laquelle on vou

980 597 972 67 veut faire entreprendre, ne vous donne moindre aſſeu

978 651 979 62 rance de la bien executer, que l’ignorance vous appor

988 741 969 61 pour vous y voir tout nouueau. De là vient qu’vne pe

980 974 985 70 leurs boutiques: ſi peu de comte on fait auiourd’huy de

977 1022 987 70 la diſcipline & exercice militaire: l’ignorance deſquelle

978 1077 986 55 graces nous a enfanté tant de vilenies & indignitez, que

977 1119 986 67 ſi la gendarmerie, tant de pied que de cheual, n’eſt au¬

978 1169 986 63 trement reglee qu’on la voit auiourd’huy, & ſur tout

980 1213 987 72 n’eſt reformee à la Romaine pour la pluſpart, nous ſe¬

980 1263 988 59 rons viſitez de plus de malheurs que nous n’auons en¬

978 1308 989 69 cor eſté. Ce ſera quand Dieu voudra, où peut-eſtre er

978 1360 929 63 aurons nous la volonté quand il ne ſera plus temps.

1027 1404 941 70 Il y a vn autre poinct fort conſiderable ſur le cours

985 1457 980 62 de ces guerres ciuiles, que nos François ſemblent auoit

978 1592 987 72 ter Neutres, & regardans d’vn œil paſſionné les porte¬

984 1641 983 64 mens des plus empreſſez, attendre la cheute du mals

975 1741 992 64 res, que le temps plus que le deuoir & vertu leur con¬

981 1829 984 68 font auiour d’huy appeller tels) les vns ſe reſiouiſſoyent

978 1879 986 65 en l’effuſion du ſang de plus reſolus qu’eux: les autres

974 1926 993 68 ont eſté ſi ſots que de ſe rendre gibbier & curee ridicule

974 1976 991 65 au patti contraire, qui s’eſt preualu de leurs moyens. Et

972 2023 993 99 en general peu ou point ont trauaillé d’auancer les af¬

1854 2082 110 57 fairee

800 292 162 56 La ſcience

806 338 157 54 aſſeure l'hõ

804 383 143 37 me en la

807 423 146 63 pratique.

813 689 167 51 Source des te de crainte & timide puſilanimité à l’entreprendre

815 730 160 47 fautes que

812 763 160 54 font lesFrã

813 798 170 50 çois & plu- tite troupe obeiſſante, bien diſciplinee, & exercee aux

813 836 165 56 ſieurs au-armes, courra plus heureuſement à la Victoire, qu’vnt

813 874 167 54 tres en la grande armee de lourdes & ignares beſtes, que les Cheſ?

812 923 178 55 cõduite des conduiſent à la boucherie, auſſi toſt qu’ils ſont ſortis de

816 960 121 53 guerres.

810 1385 162 57 Des Fran¬

812 1435 159 56 çou qui ſe

807 1477 152 49 portãs ne u

812 1503 168 54 tres en ces plus heureuſement que ſagement pratiqué. C’eſt que

809 1547 171 54 guerres:n'- les deux tiers ne ſe ſont ſeulement contentez de ſe por¬

812 1586 141 52 ont ſuyui

810 1624 156 48 les Catho¬

807 1664 161 49 liques ne

812 1689 170 56 Protectans, heur:afin de donner apres le coup tel parti à leurs affai¬

812 1747 148 36 & pour¬

809 1782 180 50 quοy ilςont ſeilleroit. Mais de ces ſages mondains, (puis qu’ils ſe

809 1813 154 56 eſté preſer¬

810 1852 152 49 uez pour la

810 1895 147 63 pluspart.
