1797 2647
660 216 433 86 Octobre, M.D.LXVII.

1215 235 181 59 LIVRE

768 298 993 66 enuoyer en ſon pays:ioint la peine en laquelle il met

771 349 989 58 toit le Lantgraue. Pour ces occaſions le dernier Iui¬

772 404 991 47 let mil cinq cents cinquante deux, la paix fut cõ clue

775 442 986 57 par l’interceſſion de Ferdinant à Paſſou, entre l’Em¬

777 495 987 53 pereur & les Proteſtans: de laquelle les principaux

774 539 989 59 articles portoyent, Que le Lantgraue ſeroit deliuré.

777 588 990 59 (le Saxon l’eſtoit deſia, afin que l’Empereur ne fuſt

778 636 986 61 veu l’auoir deliuré par force.) Que l’Empereur tien¬

775 682 989 54 droit dedans ſix mois vne iournee imperiale, où lon

777 729 989 63 delibereroit d’appaiſer le different de religion. Que

777 788 990 51 tous cependant viuroyent en paix, & ne ſeroit aucun

778 827 988 59 recerché pour la religion. Que ce qui y ſeroit arreſté

780 873 989 62 du commun conſeil des Eſtats, auec l’autorité de l’¬

780 922 987 60 Empereur touchant la religion, ( de laquelle on ſe

782 972 987 57 deuoit accorder par doux & amiables moyens ) aura

780 1022 989 52 lieu, & ne ſe reuoquera. Les autres articles concer¬

780 1066 990 60 noyent les particuliers. Comme l’armee Françoiſe

781 1110 986 63 eſtoit ſur la liſiere du Rhin engrande volonté de paſ¬

781 1161 986 56 ſer outre: Maurice manda au Roy, dés les premiers

784 1210 986 56 pourparlers de paix, que les Allemãs le remercioyẽt

782 1255 988 61 de ſon bon vouloir, & grand ſecours qu’il leur auoit

784 1305 983 62 amené, le priant puis que l’Empereur les aſſeuroit d’¬

785 1355 982 61 vne paix, auantageuſe pour le repos de l’Allemagne,

785 1401 982 59 qu’il en retiraſt ſon armee: luy offrant tout ſeruice,

787 1448 983 62 s’il auoit affaire de leurs perſonnes. Ce qui ne fut

787 1495 984 59 pluſtoſt entendu par ſa Maieſté onzieme de May mil

785 1547 982 52 cinq cents cinquante deux: combien que la Confe¬

785 1592 984 56 der ation portaſt qu’aucun ne feroit paix auec l’Em¬

788 1641 979 56 pereur ſans en auoir l’auis, & conſentement des au¬

788 1686 981 63 tres Confederez: ( dont meſmes Albert de Brande¬

790 1736 977 62 bourg ſe faſcha fort, & par là Maurice ſ’en moyenna

787 1783 982 64 la mort.) Neantmoins pour monſtrer aux Allemans

788 1832 981 60 qu’il ne s’eſtoit mis en armes qu’à leur faueur &pour

785 1930 982 62 retourna en ſes pays: ayant fait par ſon voyage, com¬

787 1973 979 66 me Maurice l’aſſeuroit, que les Princes ſeroyent de¬

785 2024 979 74 liurez: offrant au reſte tout ſecours aux Allemans,

1680 2076 84 68 s’ils
