4096 6064
910 309 1156 206 Octobre, M. D. LXVIII.

2309 316 735 189 LIVRE

1287 475 2519 188 leſquels logez à Mẽſignac, (village prochain) deſcouurẽt

1297 616 2505 148 en meſme temps plus de douze cents cheuaux, la pluſpart

1301 734 2491 152 Lanciers, ſecõdez de deuz à trois mil Fantaſsins, des plus

1301 859 2491 131 aſſeurez du Regiment. Contre leſquels il ne trouua meil

1301 963 2481 158 leur expedient que de ſe barrer au village, pour le rendre

1308 1074 2491 165 hors de prinſe & d’auenue: cependant qu’il donnoit auis

1304 1185 2488 165 à d’Acier de ſon eſtat, le priant de ſecours; le quel s’excu¬

1304 1303 2488 165 ſant ſur la prochaine veuë des Catholiques, qui faiſoyent

1301 1421 2494 155 contenance de le vouloir charger: luy manda par Oroſe

1311 1542 2484 135 qu’il demeuraſt en ſon fort iuſques à la nuict, à la faueur

1304 1650 2495 155 de laquelle il pourroit gaigner Ryberac. Ses raiſons e¬

1304 1765 2491 158 ſtoyent que les Catholiques, pour la longue traite qu’ils

1304 1883 2488 141 auoyent faite, ſeroyent contraints (pour le moins la Ca¬

1301 1987 2498 155 uallerie) de ſe retirer, pour faire repaiſtre leurs cheuaux:

1308 2115 2481 145 & que lors il pourroit faire teſte à leur Infanterie. En

1304 2220 2529 151 tout cas qu’au l’endemain il le ſecourroit, auec toute l’ar¬

1304 2334 2495 152 mee qu’il alloit aſſembler ceſte nuict à Ryberac, ſelon le

1304 2449 2495 168 Rendé-vous que il donnoit à tous ſes Regimens, ſeparez

1301 2573 745 145 comme i’ay dit.

1405 2685 2397 154 L’eſcarmouche continuoit touſiours contre Mouuans

1304 2802 2488 142 (duquel on vouloit recognoiſtre les forces, & les auenues

1297 2907 2502 162 du village) dés le matin, iuſques à deux heures apres midi

1301 3025 2488 158 qu’elle ceſſa, feignans les Catholiques ſe retirer, & pren¬

1297 3143 2498 141 dre le chemin de Perigueux, ce qu’ils firẽt: mais auſsi toſt

1297 3261 2492 151 tournerent à droite, pour ſe couurir d’vne montagne,

1294 3368 2495 159 riere laquelle Mouuãs ne les peut deſcouurir: ains aſſeuré

1294 3486 2498 155 paz vn du pays, que le chemin qu’ils auoyẽt prins menoit

1294 3597 2505 152 droit à Porigueux, s’eſtima auſsi toſt affranchi de leurs

1301 4399 2501 159 pour l’attirer en ceſte plaine) ſe deſcouurent à l’inſtant.

1301 4517 2494 135 Mouuãs auoit diſtribué ce qu’il auoit lors de ſes deux Re

1301 4622 2494 168 gimẽs, en deux troupes: de la premiere deſquelles il print

1304 4763 2502 135 la cõduite, & ſe miſt en teſte auec les enfans perdus. Pier¬

1301 4854 2508 162 re-Gourde menoit le reſte plus bas. Les premiers s’auan¬

1318 4975 2488 206 s'ns touſiours pour gaigner le bois, ſaluẽt auſsi toſt, &leſ

3593 5090 209 182 har¬

873 3702 419 165 Occaſion mains. Tellement que reſolu de ioindre l’armee à Rybe¬

876 3833 417 142 de la def rac, fait batre aux champs, trouſſer bagage, & quittant le

869 3941 423 158 faite de fort ſe met en la campagne, qu’il falloit paſſer pour gai¬

876 4056 416 138 Mouuaus gner vn bois prochain, la faueur duquel l’euſt couuert vn

873 4174 419 131 & Pierre lõg chemin: mais les Catholiques (leſquels voyans ce lieu

879 4278 414 162 Gourde. imprenable cõme il l’auoitmuny, ne s’eſtoyẽt retirez que
