4096 6330
2684 327 194 196 544

397 1512 2291 263 LE VINGTIESME

1319 1712 528 162 LIVRE.

1031 1969 946 197 SOMM AIRE.

668 2349 2221 183 PRES la iournee ſaint Barthelemy le Roy eſtant

659 2479 2228 169 SN acertene de la rebellion des Rochelois, depeſtha l'Ex

659 2600 2238 179 M cellence accompagné des plus grans Princes, & ſei¬

239 2743 2657 168 gneurs de ce Royaume, pour les mettre araiſon. La Rochelle

228 2869 2671 169 ſommee, aßiegee, hattuee, aſſaillie, bien deſſendue: ſa compoſi¬

235 2996 2657 140 tion. Le Duc d’Aumale tué d’vn coup de couleurine batarde:

239 3119 2650 158 Le Duc de Guyſe enuoye a aubettere. Armee de mer de Montgõ

235 3245 2664 155 mery pour ſecourir les Rochelois, & leur effet. Le Duc d’An¬

235 3361 2664 169 iou eſlu Roy de Pologne, Sanſerre aßiegee, par le ſieur de la

239 3488 2660 165 Chaſtre battue, aſſaillie, & rendue par compoſition. Entre¬

242 3618 2657 155 priſe des Proteſtans pour ſurprendre le Roy a ſaint Germain

239 3738 2657 158 en Laye, leſquels ayant failly ſe retirent en la baſſe Norman¬

235 3864 2664 159 die ou ils ſe font maiſtres de ſaint Lo, Carantan, & Don¬

235 3998 2664 144 fron. Mort de ſaint Iean frere de Montgommery. Ler ontede

239 4107 2660 165 Montgommery ayant mis garniſon auſdites villes ſort de S.

246 4234 2650 147 Lo ou d’vne traitte vint a Donfron pour par ce moyen faire

242 4357 2657 161 vn camp volant, ou il & ſurpris, aßiegé, pris par le Sieur de

246 4483 2657 155 Matignon gouuerneur pour le Roy en la Duche de Normandie

253 4599 2650 155 en l’abſence du Duc de Bouillon. Puis conduit a Paris par le

246 4722 2653 155 Barõ de Vaſſe, ou il & execute a Mort par arreſt de la Court:

246 4845 2646 145 Saint Lo, ſon ſsege, ſa prinſe par aſſaut ou Colomhiers Meurt.

246 4969 2657 161 Carantan prinſe ſur les Froteſtans par le ſieur de Matignon

246 5095 2660 155 ou le ſieur de Lorges & Guytri ſont prins L’Armee en Moi¬

242 5211 2664 162 ctou conduite par Monſieur le Duc de Montpenſier prend Mel

242 5348 2386 204 le par aſſaut. Fontenay aßiegee, battue prinſe d'aſſaut.
