4096 6068
741 235 1679 189 LIVRE DIXHVITIEME.

2831 296 192 101 112.

148 384 2960 152 linge, trempées en huile, & couuerts de paille, poiſſée & graiſſée de Gouldron, & poudres

155 522 2939 105 de ſouphre, auec grand nombre de caillous, & eau bouillante pour jetter deſſus & entre

151 593 2951 125 les aſſaillans, ſans les trainées, & graſſes fricaſſées qu’ils preparoyent pour les bien feſtoier. aſſaut & de¬

151 694 2943 131 Ils dreſſerent auſſi bon nombre d’ais, & carreaux de bois aſſez longs & larges, tous percez

151 792 2957 128 de clous fort longs & bien pointus, & grande quantité de chauſſes trapes, pour coucher

151 876 2960 118 & jetter és lieux par leſquels il faudroit venir aux mains pour entrer en la ville, comme

151 964 2967 141 par toute l’eſtenduë des prez, qui ſont entre les murailles de delà, & le pied de la monta¬

158 1061 2960 139 gne, ſur laquelle eſt la ville baſtie: & afin qu’on ne s’en apperceuſt, ils auoyent fait regor¬

155 1156 2966 138 ger l’eau au deſſus de la riuiere, par la retenuë du pont de Rochereuil, & par ce moyen elle

155 1250 1884 128 auoit preſque tout couuert, & inondé les prairies.

246 1341 2882 125 Les Confederez ne firent pas grand effort tout le mois de Iuilet, attendans le reſte de

151 1439 2974 131 leurs pieces qu’on fiſt ſortir de la Rochelle, ſous la charge & conduite d’Yuoy, que doreſna¬

155 1527 2984 138 uant (pour le decez de ſon frere mort à Stras-bourg, comme j’ay cy deuant dit) je nomme- Icnlys mont

155 1621 2961 121 ray Ienlys. Les pieces, boulets & munitions venuës, & la pluſpart logées par la diligence Yuoy ſon

166 1714 2954 131 des principaux Chefs, (chacun deſquels en auoit prins vne à loger) dés le matin furent veu-freré prend

158 1820 2956 115 ës, accommodées, & preſtes à jouër. Ce fut le Lundy premier jour d’Aouſt, mil cinq cens

151 1897 2974 139 ſoixante neuf, que les plus craintifs & ſuperſtitieux tenoyent pour fatal à ceſte ville: pour¬

161 2003 2960 117 ce qu’elle auoit eſté prinſe, & pillée ce meſme jour aux premiers troubles, qui eſtoient en Poicierspri

158 2103 2953 128 I’an mil cinq cents ſoixante deux, par l’armée qu’y mena le Mareſchal ſaint André, ſur ſainte

161 2187 2974 118 Gemme, Lancelot, du Bouchet, que le feu Prince de Condé y auoit enuoyé. De fait ils par le Ma¬

161 2278 2957 122 firent vn grand effort, contre le pont & porte du pont Anjoubert, deçà & delà: ayans placé

165 2373 2970 138 leurs pieces deſſus le Rocher: & au bas, entre les faux bourgs de Pinpaneau, & de S.Sornin. ſaint Géme

165 2477 2970 128 La baterie eſtoit de quatorze groſſes pieces d’Artillerie, & quelques Couleurines baſtar¬

161 2555 2970 128 des & moyennes, ſans les menuës pieces de campagne, & ſi batoient de trois endroits: ils

161 2656 2977 118 en auoient deſcendu quatre au bas contre la Riuiere pour batre le pied, tant d’vne tour que

161 2744 2974 128 de ſa courtine, & le reſte au haut, pour abatre le conps, & les defenſes plus à cartiers d’vn

158 2851 2983 112 chacun coſté. Outre trois menuës, & force perites, qui deſcouuroient tout le flanc, & dedãs

158 2929 2990 148 des courtines. La baterie fut aſſez furieuſe, & diligemment pourſuyuie par trois jours en¬

161 3027 2980 128 tiers: commençans toutesfois aſſez tard; accompagnée d’vne telle eſcopterie d’harquebu¬

161 3121 2984 128 ziers, que pluſieurs de ceux qui ſortoient pour ſouſtenir les tours, remparer & refaire de ter¬

161 3212 2980 128 re tout ce que le Canon gaſteroit de muraille, ne s’en trouuerent bons marchans. Comme

161 3313 2967 132 la baterie s’entretenoit: aucuns de dedans, entr'-autres Doiſneau, dit ſainte Souline,

161 3401 2980 135 natif de Poitiers, ne voulant ſi long temps reſter oiſif, ſortirent pour ſecourir les Capitai¬

161 3492 2977 135 nes Arſach & Bonneau, qui ja eſcarmouchoient, hors le pout Anjoubert. Car les aſſiegez

161 3596 2977 129 tenoient encores des faux-bourgs les maiſons plus prochaines des portes, par leſquelles ils

161 3677 2974 139 pouuoient ſortir à couuert. Mais en fin les incommoditez des canonnades, & les trop fre¬

165 3782 2973 121 quentes ſcopeteries, les firent retirer: & deſlors furent contraints d’abandonner tout ce

165 3859 2970 145 qu’ils tenoient hors de la ceinture de la muraille. Il y a ſur la porte du faux-bourg Roche¬

165 3964 2973 125 reuil, entre le faux-bourg & le Chaſteau, vne vigne par laquelle on peut aiſéemẽt deſcendre

165 4052 2970 148 à la porte & muraille de la ville, qui ferme la ruë de ce faux-bourg pour la garde duquel lieu

165 4156 2970 118 eſtoit le Capitaine la Vacherie, & ſa compagnie; on y attaquoit à toutes heures l’eſcar¬

165 4240 2966 132 mouche, & y faiſoit-on la guerre ſans intermiſſion, auec perte d’vne & d’autre part. Dequoy

165 4331 2966 145 ennuyé la Vacherie, ſe jetta en la vigne tout deſarmé, accompagné de quelques ſoldats: (le

165 4426 2966 138 cinquiéme du mois d’Aouſt) mais il n’y eut long temps ſejourné, qu’il fut attaint d’vne hàr¬

168 4524 2963 144 quebuzade qui luy perça le teſt de part en part, & mourut ſur le champ aux pieds de ſes ſol¬

168 4621 2967 125 dats, qui l’emporterent enſeuelir en l’Egliſe noſtre-Dame la grand'. Et pour memoire de

165 4712 2966 128 luy voulurent tous jours demeurer en ce lieu. Ce Gentilhomme eſtoit Picard, qui fut fort

165 4803 2966 142 regreté: car outre les graces ordinaires, qui recommandent l’homme guerrier, il auoit la co¬

168 4898 2963 145 noiſſance des bonnes lettres: par la faueur deſquelles il ſe rendoit agreable à vn chacun:

165 4995 1972 122 auſſi auoit-il là dedans ſejourné long temps aux eſtudes.

165 5093 2966 118 En ce tẽps, ſur le dixiéme du meſme mois, de la garniſon de Chateleraud, trois cents Caua¬

165 5174 2966 148 liers, accõpagnez de quelques harquebuziers de la cõpagnie du Capitaine Normand, ſorti¬

165 5279 2960 121 rent pour rõpre les compagnies de Bonniuet, fils de Creuecœur, & du Baron de Neuf-bourg

168 5360 2957 222 (Normand) qui à toutes heures batoient les ſtrades juſques pres de Chateleraud, pour leur

2852 5451 273 185 empeſ¬

3118 461 263 128 tres, pour

3111 556 293 87 ſouſtenir vn

3118 687 256 84 batre vnc

3121 748 196 162 breche.

3128 1773 206 114 le nom.

3138 2083 283 91 aux pretul¬

3131 2147 300 77 ers troubles

3141 2262 287 97 reſchalſaint

3141 2332 267 91 Andre ſur
