4096 6983
1684 325 1526 218 plaiſoit

803 500 3017 167 Anglous hiſtoriens Anglois ne dient point auoir eſté remis en ſon Royaume. Ce pendant les

803 620 3025 124 depeú d'ef- Danois affriãdez aux courſes qui leur auoient aſſez bien ſuccedeés le long de la mari¬

811 1198 3024 132 eſté par eux offencé, ſe fut auſſi ſur eux que premieremẽt il exerçea ſa tyrannie, & cecy

819 1315 3012 112 luy fut de tant plus facile que les Wiltzes mal affectionnez aux François, & auſquels

795 1586 3036 128 mandoient, & de leurs voiſins qu’ils redoubtoient ſur toutes les choſes de ce monde.

799 1683 3032 128 L'arſbuiς En l’an donc de noſtre ſalut huit cens & huit, Godeffroy entrãt en la region des Abro¬

795 1788 3040 120 cens er dites, que i’ay mis cy deſſus entre les Slaues, & non pourtãt ennemis des Frãçois, pour¬

795 1877 3036 124 ce que Charles leurauoit donné partie des terres d’Holſace, il eut diuerſes batailles

792 1966 3039 136 Godelebe auec eux, en l’vne deſquelles fut pris Godelebe, vn des chefs, & gouuerneurs Holſa¬

792 2063 3036 132 Due des ciẽs, que le Danois feit tout auſſi toſt pendre, & eſtrangler cruellemẽt: puis courant la

776 2362 3055 120 parts, & voyant q̃ le Danois auoit gaigné plus de la moitié de la Prouince: non pourtãt

807 2828 3028 132 occis. lequel paſſant l’Elb y feit dreſſer vn pont, & courut les terres des Smeldingues qui ſ'e¬

807 2956 3028 108 Charles ſtoient rendus aux Danois, & paſſant oultre pour combattre le ſuperbe Godeffroy, il

815 3801 3020 121 iects tout le temps qu’il fut en vie: & autant en fait Saxon, dit le Grammairien, leſquels

842 4279 2993 116 ſant les Sa-Saxe. Ioint que Krants en ſa Saxonie ne ſ’auance iuſqu’à là, que dire vne ſi grande ab¬

838 4383 3001 117 xons aſſer ſurdité, ains luy ſuffit de dire que Charles, & Godeffroy ayans combatu, ſe retirerent,

830 5330 2994 132 pris les armes pour ſe deffendre, & venger des torts à luy faits par les Abrodites. Sil

826 5621 3002 112 huit.

826 5714 2998 120 Rey de Ger

826 5807 2998 178 mairien li.

504 737 307 120 que ie ſuis contraint de dire que ceſt Adelvvlphe qu’il allegue, eſt le ſecond du nom,

493 826 316 128 & celuy qui viuoit ſous Charles le Chaulue: & que ceſtuy qui veſquit ſous Charles le

496 931 311 112 fait.

500 1020 307 120 σδιυyις Grand fut de ſi bas cœur, qu’eſtant aſſailly de ſes voiſins, il n’oſa leur faire teſte, ains

493 1108 318 114 phe I. du ſ’enfuyant en Gaule vers l’Empereur, & depuis à Rome, fallut que veſquit à la mercy

493 1190 174 121 nom Roy des eſtrangers, car telle fut la vie du premier Roy Anglois portant ce nom, lequel les

520 1381 324 126 8. de l'hiſt

500 1458 288 117 Danoiſe.

496 1520 327 121 iectis par

500 1644 194 148 peix.

493 364 861 198 HISTOIRE DV ROY
