<?xml version="1.0" encoding="UTF-8"?>
<alto xmlns:xsi="http://www.w3.org/2001/XMLSchema-instance"
      xmlns="http://www.loc.gov/standards/alto/ns-v4#"
      xsi:schemaLocation="http://www.loc.gov/standards/alto/ns-v4# http://www.loc.gov/standards/alto/v4/alto-4-2.xsd">
  <Description>
    <MeasurementUnit>pixel</MeasurementUnit>
    <sourceImageInformation>
      <fileName>page_038.jpg</fileName>
    </sourceImageInformation>
  </Description>
  <Tags>
    <OtherTag ID="BT7" LABEL="CustomZone" DESCRIPTION="block type CustomZone"/><OtherTag ID="BT8" LABEL="DamageZone" DESCRIPTION="block type DamageZone"/><OtherTag ID="BT9" LABEL="DigitizationArtefactZone" DESCRIPTION="block type DigitizationArtefactZone"/><OtherTag ID="BT10" LABEL="DropCapitalZone" DESCRIPTION="block type DropCapitalZone"/><OtherTag ID="BT11" LABEL="GraphicZone" DESCRIPTION="block type GraphicZone"/><OtherTag ID="BT12" LABEL="MainZone" DESCRIPTION="block type MainZone"/><OtherTag ID="BT13" LABEL="MarginTextZone" DESCRIPTION="block type MarginTextZone"/><OtherTag ID="BT14" LABEL="MusicZone" DESCRIPTION="block type MusicZone"/><OtherTag ID="BT15" LABEL="NumberingZone" DESCRIPTION="block type NumberingZone"/><OtherTag ID="BT17" LABEL="QuireMarksZone" DESCRIPTION="block type QuireMarksZone"/><OtherTag ID="BT18" LABEL="RunningTitleZone" DESCRIPTION="block type RunningTitleZone"/><OtherTag ID="BT19" LABEL="SealZone" DESCRIPTION="block type SealZone"/><OtherTag ID="BT20" LABEL="StampZone" DESCRIPTION="block type StampZone"/><OtherTag ID="BT21" LABEL="TableZone" DESCRIPTION="block type TableZone"/><OtherTag ID="BT22" LABEL="TitlePageZone" DESCRIPTION="block type TitlePageZone"/><OtherTag ID="BT2522" LABEL="MainZone-Continued" DESCRIPTION="block type MainZone-Continued"/><OtherTag ID="BT2523" LABEL="MarginTextZone-Notes" DESCRIPTION="block type MarginTextZone-Notes"/><OtherTag ID="BT2524" LABEL="MainZone-Head" DESCRIPTION="block type MainZone-Head"/><OtherTag ID="BT2525" LABEL="MainZone-P" DESCRIPTION="block type MainZone-P"/><OtherTag ID="BT2526" LABEL="MainZone-Signature" DESCRIPTION="block type MainZone-Signature"/><OtherTag ID="BT2527" LABEL="TitlePageZone-Index" DESCRIPTION="block type TitlePageZone-Index"/><OtherTag ID="BT2528" LABEL="MainZone-Entry" DESCRIPTION="block type MainZone-Entry"/><OtherTag ID="BT2529" LABEL="MainZone-Sp" DESCRIPTION="block type MainZone-Sp"/><OtherTag ID="BT2530" LABEL="GraphicZone-Decoration" DESCRIPTION="block type GraphicZone-Decoration"/><OtherTag ID="BT2531" LABEL="MarginTextZone-ManuscriptAddendum" DESCRIPTION="block type MarginTextZone-ManuscriptAddendum"/><OtherTag ID="BT2532" LABEL="MainZone-Other" DESCRIPTION="block type MainZone-Other"/><OtherTag ID="BT2533" LABEL="MainZone-ListItem" DESCRIPTION="block type MainZone-ListItem"/><OtherTag ID="BT2534" LABEL="GraphicZone-Head" DESCRIPTION="block type GraphicZone-Head"/><OtherTag ID="BT2535" LABEL="MainZone-Lg" DESCRIPTION="block type MainZone-Lg"/><OtherTag ID="BT2536" LABEL="MainZone-Date" DESCRIPTION="block type MainZone-Date"/>
    <OtherTag ID="LT7" LABEL="CustomLine" DESCRIPTION="line type CustomLine"/><OtherTag ID="LT8" LABEL="DefaultLine" DESCRIPTION="line type DefaultLine"/><OtherTag ID="LT9" LABEL="DropCapitalLine" DESCRIPTION="line type DropCapitalLine"/><OtherTag ID="LT10" LABEL="HeadingLine" DESCRIPTION="line type HeadingLine"/><OtherTag ID="LT11" LABEL="InterlinearLine" DESCRIPTION="line type InterlinearLine"/><OtherTag ID="LT12" LABEL="MusicLine" DESCRIPTION="line type MusicLine"/><OtherTag ID="LT749" LABEL="default" DESCRIPTION="line type default"/>
  </Tags>
  <Layout>
    <Page WIDTH="2811"
          HEIGHT="4017"
          PHYSICAL_IMG_NR="36"
          ID="eSc_dummypage_">
      <PrintSpace HPOS="0"
                  VPOS="0"
                  WIDTH="2811"
                  HEIGHT="4017">
        <TextBlock HPOS="492"
                   VPOS="254"
                   WIDTH="332"
                   HEIGHT="96"
                   ID="block_1"
                   TAGREFS="BT18">
          <Shape><Polygon POINTS="824 254 824 350 492 350 492 254"/></Shape>
          <TextLine ID="line_0"
                    TAGREFS="LT10"
                    BASELINE="495 321 819 312" 
                    HPOS="493"
                    VPOS="223"
                    WIDTH="326"
                    HEIGHT="158">
            <Shape><Polygon POINTS="500 368 520 357 529 365 544 379 544 381 547 381 549 381 551 381 622 368 645 379 647 379 649 379 651 379 654 379 680 354 689 350 718 352 776 359 779 359 781 359 819 345 819 312 814 236 734 223 732 223 730 223 727 223 701 241 676 225 674 225 672 225 669 225 667 225 665 225 665 227 647 245 643 249 605 247 526 241 524 241 522 241 493 249 495 321"/></Shape>
	    <String CONTENT="LiureVI."
                    HPOS="493"
                    VPOS="223"
                    WIDTH="326"
                    HEIGHT="158"
                    WC="0.9122168608009815"></String>
          </TextLine>
        </TextBlock>
        <TextBlock HPOS="1224"
                   VPOS="256"
                   WIDTH="704"
                   HEIGHT="101"
                   ID="block_3"
                   TAGREFS="BT18">
          <Shape><Polygon POINTS="1928 256 1928 357 1224 357 1224 256"/></Shape>
          <TextLine ID="line_1"
                    TAGREFS="LT10"
                    BASELINE="1227 310 1924 316" 
                    HPOS="1225"
                    VPOS="216"
                    WIDTH="699"
                    HEIGHT="141">
            <Shape><Polygon POINTS="1225 345 1629 354 1632 354 1634 354 1654 343 1661 341 1812 341 1812 343 1859 357 1862 357 1864 357 1866 357 1922 341 1924 316 1920 232 1824 245 1781 234 1779 234 1777 234 1775 234 1772 234 1757 245 1739 234 1728 225 1725 225 1723 225 1721 225 1719 225 1716 225 1705 234 1692 243 1667 234 1623 218 1620 218 1618 218 1616 218 1571 236 1560 241 1462 243 1451 236 1428 223 1426 223 1424 223 1310 216 1308 216 1306 216 1227 238 1227 310"/></Shape>
	    <String CONTENT="L&#x27;eſtat de l&#x27;Egliſe du Breſil."
                    HPOS="1225"
                    VPOS="216"
                    WIDTH="699"
                    HEIGHT="141"
                    WC="0.9705170492331187"></String>
          </TextLine>
        </TextBlock>
        <TextBlock HPOS="661"
                   VPOS="360"
                   WIDTH="1738"
                   HEIGHT="174"
                   ID="block_13"
                   TAGREFS="BT2522">
          <Shape><Polygon POINTS="2399 360 2399 534 661 534 661 360"/></Shape>
          <TextLine ID="line_2"
                    TAGREFS="LT8"
                    BASELINE="669 397 2087 395 2382 417" 
                    HPOS="667"
                    VPOS="328"
                    WIDTH="1715"
                    HEIGHT="100">
            <Shape><Polygon POINTS="669 397 667 412 866 426 868 426 977 417 1002 415 1004 417 1015 426 1015 428 1018 428 1020 428 1022 428 1080 417 1089 417 1100 417 1192 428 1194 428 1243 419 1257 417 1303 419 1437 428 1440 428 1600 421 1743 417 1759 424 1770 428 1772 428 1775 428 1830 424 1924 417 2377 428 2382 417 2380 350 2197 350 2197 348 2165 334 2163 334 2161 334 2159 334 2134 343 2100 330 2098 330 1987 330 1984 330 1982 330 1955 343 1902 330 1900 330 1897 330 1895 330 1855 348 1853 348 1754 332 1752 332 1750 332 1714 348 1647 330 1645 330 1643 330 1641 330 1638 330 1618 345 1545 336 1542 336 1446 348 1440 348 1411 330 1408 330 1406 330 1404 330 1303 348 1299 348 1294 348 1239 330 1236 330 1234 330 1232 330 1230 330 1203 348 1181 330 1178 330 1176 330 989 328 986 328 669 345 669 397"/></Shape>
	    <String CONTENT="pre main, les à veu bruſler enuiron deux mille de Londres, aupres de Stratford, ou Suaſ"
                    HPOS="667"
                    VPOS="328"
                    WIDTH="1715"
                    HEIGHT="100"
                    WC="0.9857517812739719"></String>
          </TextLine>
          <TextLine ID="line_3"
                    TAGREFS="LT8"
                    BASELINE="669 450 1917 448 2382 470" 
                    HPOS="667"
                    VPOS="401"
                    WIDTH="1715"
                    HEIGHT="94">
            <Shape><Polygon POINTS="669 450 667 479 814 473 935 484 980 488 982 488 1000 484 1044 475 1272 475 1339 486 1361 490 1364 490 1366 490 1375 488 1402 477 1618 488 1663 490 1665 490 1667 490 1670 490 1670 488 1692 477 1797 477 1844 490 1846 490 1848 490 1850 490 1862 490 1960 482 2018 490 2029 493 2031 493 2047 493 2147 479 2174 493 2176 493 2179 493 2181 495 2380 495 2382 470 2380 421 2147 406 2145 406 1882 415 1862 403 1859 403 1857 403 1855 403 1583 417 1569 417 1538 403 1536 403 1533 403 1531 403 1495 417 1493 417 1482 417 1315 401 1312 401 1145 415 1143 415 1102 401 1100 401 1098 401 1096 401 1060 415 1011 401 1009 401 1006 401 937 415 933 417 866 417 861 415 841 401 839 401 837 401 835 401 669 412 669 450"/></Shape>
	    <String CONTENT="forbovve, magnifians le nom du Seigneur, autant que vrais confeſſeurs du Seigneur peu¬"
                    HPOS="667"
                    VPOS="401"
                    WIDTH="1715"
                    HEIGHT="94"
                    WC="0.9932983434477518"></String>
          </TextLine>
          <TextLine ID="line_4"
                    TAGREFS="LT8"
                    BASELINE="676 506 910 502" 
                    HPOS="674"
                    VPOS="468"
                    WIDTH="236"
                    HEIGHT="67">
            <Shape><Polygon POINTS="676 506 676 535 908 526 910 502 906 468 674 468 676 506"/></Shape>
	    <String CONTENT="uent faire."
                    HPOS="674"
                    VPOS="468"
                    WIDTH="236"
                    HEIGHT="67"
                    WC="0.9974760792472146"></String>
          </TextLine>
        </TextBlock>
        <TextBlock HPOS="788"
                   VPOS="718"
                   WIDTH="1519"
                   HEIGHT="132"
                   ID="block_9"
                   TAGREFS="BT2524">
          <Shape><Polygon POINTS="2307 718 2307 850 788 850 788 718"/></Shape>
          <TextLine ID="line_7"
                    TAGREFS="LT10"
                    BASELINE="797 763 2295 767" 
                    HPOS="794"
                    VPOS="685"
                    WIDTH="1501"
                    HEIGHT="122">
            <Shape><Polygon POINTS="794 790 977 805 980 805 1136 794 1192 792 1344 796 1504 803 1507 803 1509 803 1522 798 1547 792 2290 807 2295 767 2293 720 2252 720 2250 718 2212 694 2210 694 2208 694 2205 694 2203 694 2201 694 2179 709 2161 694 2159 694 2156 694 2154 694 2087 700 1989 687 1987 687 1804 698 1801 698 1799 698 1786 709 1775 720 1645 720 1632 707 1616 694 1614 694 1612 694 1531 689 1529 689 1527 689 1524 689 1513 700 1464 685 1462 685 1460 685 1377 687 1375 687 1344 702 1317 718 1042 718 1018 696 1011 689 1009 689 1006 689 957 685 955 685 797 691 797 763"/></Shape>
	    <String CONTENT="COMMENT vne Eguſefdele s &#x27;aſſemble au pays du Breſupartie de l&#x27;Amerque"
                    HPOS="794"
                    VPOS="685"
                    WIDTH="1501"
                    HEIGHT="122"
                    WC="0.9489707193204335"></String>
          </TextLine>
          <TextLine ID="line_8"
                    TAGREFS="LT10"
                    BASELINE="1105 821 1991 816" 
                    HPOS="1102"
                    VPOS="787"
                    WIDTH="889"
                    HEIGHT="72">
            <Shape><Polygon POINTS="1951 805 1929 805 1906 805 1884 805 1862 805 1839 805 1817 805 1795 805 1772 805 1750 805 1728 805 1705 805 1683 805 1661 805 1638 805 1616 805 1594 805 1571 805 1549 805 1527 805 1504 805 1482 805 1471 787 1102 787 1105 821 1105 854 1987 859 1991 816 1989 805 1973 805"/></Shape>
	    <String CONTENT="Australe: &amp; comment elle jul aſfugée &amp; ayperjee."
                    HPOS="1102"
                    VPOS="787"
                    WIDTH="889"
                    HEIGHT="72"
                    WC="0.9745469762354481"></String>
          </TextLine>
        </TextBlock>
        <TextBlock HPOS="676"
                   VPOS="869"
                   WIDTH="1726"
                   HEIGHT="292"
                   ID="block_0"
                   TAGREFS="BT2525">
          <Shape><Polygon POINTS="2402 869 2402 1161 676 1161 676 869"/></Shape>
          <TextLine ID="line_9"
                    TAGREFS="LT8"
                    BASELINE="683 903 1904 899 2380 914" 
                    HPOS="680"
                    VPOS="841"
                    WIDTH="1700"
                    HEIGHT="89">
            <Shape><Polygon POINTS="683 903 680 928 2375 930 2380 914 2377 859 1982 859 1969 854 1922 841 1920 841 1917 841 1790 852 1781 852 1775 852 1701 841 1699 841 1696 841 1665 852 1645 856 1609 850 1551 841 1355 841 1353 841 1350 841 1348 841 1341 848 1332 854 1281 848 1225 841 1223 841 1221 841 1198 848 1163 856 1152 845 1145 841 1143 841 1140 841 1091 841 1089 841 1062 845 1009 859 857 859 683 843 683 903"/></Shape>
	    <String CONTENT="LE Seigneur eſleuant à preſent en tant de lieux les enſcignes de ſon Euangile, peneure iufques aux nations incogruexl̀x"
                    HPOS="680"
                    VPOS="841"
                    WIDTH="1700"
                    HEIGHT="89"
                    WC="0.968002071728309"></String>
          </TextLine>
          <TextLine ID="line_10"
                    TAGREFS="LT8"
                    BASELINE="803 941 2054 941 2377 955" 
                    HPOS="801"
                    VPOS="914"
                    WIDTH="1576"
                    HEIGHT="56">
            <Shape><Polygon POINTS="803 941 801 964 2373 970 2377 955 2375 917 803 914 803 941"/></Shape>
	    <String CONTENT="bares, &amp; par ce moyen conuie à loy tous habitans du monde, auant qu’executer ſon dernier iugement. Cependant l&#x27;is"
                    HPOS="801"
                    VPOS="914"
                    WIDTH="1576"
                    HEIGHT="56"
                    WC="0.9897108057089019"></String>
          </TextLine>
          <TextLine ID="line_11"
                    TAGREFS="LT8"
                    BASELINE="810 981 2141 979 2380 993" 
                    HPOS="810"
                    VPOS="952"
                    WIDTH="1570"
                    HEIGHT="56">
            <Shape><Polygon POINTS="2371 955 2348 955 2326 955 2304 952 2281 952 810 952 810 981 810 1008 2377 1008 2380 993 2377 952 2371 952 2371 955"/></Shape>
	    <String CONTENT="gratitude &amp; meſchanceté des hommes s’augmentant de plus en plus, ne yeut eſtre eſclairce de ſi pres: &amp; lur toutleslu,"
                    HPOS="810"
                    VPOS="952"
                    WIDTH="1570"
                    HEIGHT="56"
                    WC="0.978306625859212"></String>
          </TextLine>
          <TextLine ID="line_12"
                    TAGREFS="LT8"
                    BASELINE="812 1019 2056 1015 2375 1033" 
                    HPOS="812"
                    VPOS="993"
                    WIDTH="1563"
                    HEIGHT="53">
            <Shape><Polygon POINTS="2351 993 812 993 812 1019 812 1046 2373 1046 2375 1033 2373 993 2351 993"/></Shape>
	    <String CONTENT="pocrites &amp; apoſtats dounent autant ou plus d’ẽpeſchement au cours de la verité que les tyrãs meſmes:cõme on le pu¬"
                    HPOS="812"
                    VPOS="993"
                    WIDTH="1563"
                    HEIGHT="53"
                    WC="0.9778112673153312"></String>
          </TextLine>
          <TextLine ID="line_13"
                    TAGREFS="LT8"
                    BASELINE="812 1055 1993 1053 2366 1066" 
                    HPOS="810"
                    VPOS="1019"
                    WIDTH="1556"
                    HEIGHT="63">
            <Shape><Polygon POINTS="2351 1033 2328 1031 2306 1031 2284 1028 2261 1028 2255 1026 812 1019 812 1055 810 1075 2362 1082 2366 1066 2364 1033 2351 1033"/></Shape>
	    <String CONTENT="voir par le diſcours de ceſte hiſtoire. En laquelle nous ſommes auſſi aduertis, en ſuyuant l’Euangile d’oublier nos co¬"
                    HPOS="810"
                    VPOS="1019"
                    WIDTH="1556"
                    HEIGHT="63"
                    WC="0.9829146836986061"></String>
          </TextLine>
          <TextLine ID="line_14"
                    TAGREFS="LT8"
                    BASELINE="808 1097 2029 1093 2377 1109" 
                    HPOS="806"
                    VPOS="1057"
                    WIDTH="1571"
                    HEIGHT="72">
            <Shape><Polygon POINTS="808 1097 808 1124 1989 1113 2054 1126 2056 1126 2058 1129 2375 1129 2377 1109 2375 1068 870 1057 868 1057 806 1068 808 1097"/></Shape>
	    <String CONTENT="moditez: prenans contentement, en fuim, en ſoif en nudité &amp; mille dangers, eſquels Dieu voudra que nous tombious"
                    HPOS="806"
                    VPOS="1057"
                    WIDTH="1571"
                    HEIGHT="72"
                    WC="0.9710079840326731"></String>
          </TextLine>
          <TextLine ID="line_15"
                    TAGREFS="LT8"
                    BASELINE="810 1138 2060 1129" 
                    HPOS="808"
                    VPOS="1102"
                    WIDTH="1252"
                    HEIGHT="67">
            <Shape><Polygon POINTS="810 1138 810 1169 960 1158 1078 1167 1118 1169 1120 1169 1123 1169 1129 1167 1152 1156 2060 1156 2060 1129 2054 1102 808 1106 810 1138"/></Shape>
	    <String CONTENT="pour eſprouuer en tous lieux, &amp; exercer noſtre patience par diuerſes eſpeces de tribulations."
                    HPOS="808"
                    VPOS="1102"
                    WIDTH="1252"
                    HEIGHT="67"
                    WC="0.992396044474776"></String>
          </TextLine>
        </TextBlock>
        <TextBlock HPOS="672"
                   VPOS="1183"
                   WIDTH="234"
                   HEIGHT="224"
                   ID="eSc_textblock_0f27e039"
                   TAGREFS="BT10">
          <Shape><Polygon POINTS="672 1183 672 1407 906 1407 906 1183"/></Shape>
          <TextLine ID="eSc_line_899fe052"
                    TAGREFS="LT9"
                    BASELINE="705 1397 885 1400" 
                    HPOS="705"
                    VPOS="1397"
                    WIDTH="180"
                    HEIGHT="3">
	    <String CONTENT=""
                    HPOS="705"
                    VPOS="1397"
                    WIDTH="180"
                    HEIGHT="3"></String>
          </TextLine>
        </TextBlock>
        <TextBlock HPOS="681"
                   VPOS="1184"
                   WIDTH="1719"
                   HEIGHT="1470"
                   ID="block_6"
                   TAGREFS="BT2525">
          <Shape><Polygon POINTS="2400 1184 2400 2654 681 2654 681 1184"/></Shape>
          <TextLine ID="line_19"
                    TAGREFS="LT8"
                    BASELINE="893 1220 2386 1225" 
                    HPOS="890"
                    VPOS="1162"
                    WIDTH="1496"
                    HEIGHT="89">
            <Shape><Polygon POINTS="893 1220 890 1236 1071 1249 1073 1249 1616 1240 1676 1251 1679 1251 2384 1240 2386 1225 2384 1180 2107 1167 2105 1167 2103 1167 2071 1176 2060 1178 2038 1176 1971 1164 1969 1164 1929 1173 1908 1178 1895 1173 1871 1164 1868 1164 1866 1164 1810 1171 1768 1178 1716 1171 1667 1164 1665 1164 1663 1164 1661 1164 1652 1171 1638 1178 1618 1169 1598 1162 1596 1162 1594 1162 1591 1162 1567 1169 1542 1176 1527 1169 1516 1164 1513 1164 1511 1164 1489 1169 1462 1173 1444 1167 1426 1162 1424 1162 1422 1162 1420 1162 1408 1167 1390 1176 1382 1167 1377 1162 1375 1162 1373 1162 1252 1162 1250 1162 1232 1164 1181 1176 1161 1164 1158 1162 1156 1162 1154 1162 893 1162 893 1220"/></Shape>
	    <String CONTENT="OVR paruenir à l’hiſtoire qui ſera cy apres miſe en ſon ordre, de quelques"
                    HPOS="890"
                    VPOS="1162"
                    WIDTH="1496"
                    HEIGHT="89"
                    WC="0.9867628908157349"></String>
          </TextLine>
          <TextLine ID="line_20"
                    TAGREFS="LT8"
                    BASELINE="852 1274 2391 1278" 
                    HPOS="850"
                    VPOS="1234"
                    WIDTH="1541"
                    HEIGHT="62">
            <Shape><Polygon POINTS="852 1274 850 1292 2386 1296 2391 1278 2389 1240 852 1234 852 1274"/></Shape>
	    <String CONTENT="Afideles Martyrs, qui franchement ſe ſont expoſez à la mort, &amp; ont ariouſe"
                    HPOS="850"
                    VPOS="1234"
                    WIDTH="1541"
                    HEIGHT="62"
                    WC="0.9904751578966776"></String>
          </TextLine>
          <TextLine ID="line_21"
                    TAGREFS="LT8"
                    BASELINE="902 1325 2389 1334" 
                    HPOS="899"
                    VPOS="1283"
                    WIDTH="1490"
                    HEIGHT="76">
            <Shape><Polygon POINTS="2375 1323 2353 1323 2330 1323 2308 1323 2286 1323 2263 1323 2241 1323 2219 1323 2197 1323 2174 1323 2152 1323 2130 1323 2107 1323 2085 1323 2063 1323 2040 1323 2018 1323 1996 1323 1973 1323 1951 1323 1929 1323 1906 1323 1884 1323 1862 1323 1839 1323 1817 1323 1795 1323 1772 1323 1750 1323 1728 1323 1705 1323 1683 1323 1661 1323 1638 1323 1616 1323 1594 1323 1571 1323 1549 1323 1527 1323 1504 1323 1486 1287 1446 1289 1332 1296 1286 1287 1272 1285 1060 1285 1031 1285 1029 1285 1027 1285 1024 1285 1009 1296 902 1283 902 1325 899 1345 2384 1359 2389 1334 2386 1323 2375 1323"/></Shape>
	    <String CONTENT="de leur ſang la ſechereſſe de la terie du bremni, pour maiteni la uocrie du"
                    HPOS="899"
                    VPOS="1283"
                    WIDTH="1490"
                    HEIGHT="76"
                    WC="0.9819060269991556"></String>
          </TextLine>
          <TextLine ID="line_22"
                    TAGREFS="LT8"
                    BASELINE="937 1385 2011 1381 2380 1390" 
                    HPOS="935"
                    VPOS="1338"
                    WIDTH="1445"
                    HEIGHT="76">
            <Shape><Polygon POINTS="937 1385 937 1405 2375 1414 2380 1390 2377 1347 935 1338 937 1385"/></Shape>
	    <String CONTENT="’ils de Dieu, il eſt expedient d’entendre le commencement &amp; le motif, d’a"
                    HPOS="935"
                    VPOS="1338"
                    WIDTH="1445"
                    HEIGHT="76"
                    WC="0.9851651273361625"></String>
          </TextLine>
          <TextLine ID="line_23"
                    TAGREFS="LT8"
                    BASELINE="685 1434 2389 1443" 
                    HPOS="683"
                    VPOS="1388"
                    WIDTH="1706"
                    HEIGHT="80">
            <Shape><Polygon POINTS="685 1434 683 1452 1111 1466 1114 1466 1486 1457 1520 1457 1522 1457 1558 1468 1560 1468 1562 1468 2386 1459 2389 1443 2389 1408 2250 1408 2248 1405 2230 1394 2228 1394 2226 1394 2223 1394 1980 1403 1971 1403 1969 1403 1926 1392 1924 1392 1723 1392 1721 1392 1719 1392 1716 1392 1705 1401 1701 1403 1665 1401 1462 1390 1460 1390 1457 1390 1415 1401 1408 1401 1364 1399 1096 1388 1094 1388 1091 1388 1089 1388 1076 1399 1073 1399 685 1397 685 1434"/></Shape>
	    <String CONTENT="uoir eu en ce temps Egliſe reformee ſelon la parole du Seigneur en terre ſi eſlõgnee des"
                    HPOS="683"
                    VPOS="1388"
                    WIDTH="1706"
                    HEIGHT="80"
                    WC="0.9914224978243367"></String>
          </TextLine>
          <TextLine ID="line_24"
                    TAGREFS="LT8"
                    BASELINE="683 1490 2386 1497" 
                    HPOS="680"
                    VPOS="1450"
                    WIDTH="1706"
                    HEIGHT="67">
            <Shape><Polygon POINTS="683 1490 680 1506 2382 1517 2386 1497 2384 1459 683 1450 683 1490"/></Shape>
	    <String CONTENT="royaumes &amp; lieux, eſquels le ſuiect de noſtre hiſtoire iuſques icy s’eſt arreſté. La me¬"
                    HPOS="680"
                    VPOS="1450"
                    WIDTH="1706"
                    HEIGHT="67"
                    WC="0.9925065415628841"></String>
          </TextLine>
          <TextLine ID="eSc_line_4889c55f"
                    TAGREFS="LT8"
                    BASELINE="674 1551 850 1544 2384 1553" 
                    HPOS="672"
                    VPOS="1497"
                    WIDTH="1712"
                    HEIGHT="78">
            <Shape><Polygon POINTS="1009 1497 1015 1497 1033 1508 1344 1499 1346 1499 1411 1513 1417 1513 1475 1499 1478 1499 1589 1513 1596 1513 1739 1499 1741 1499 1824 1515 1837 1515 1873 1501 1877 1501 1946 1515 1955 1515 1993 1501 2145 1501 2163 1513 2279 1501 2281 1501 2382 1517 2384 1553 2382 1575 675 1575 672 1505"/></Shape>
	    <String CONTENT=""
                    HPOS="672"
                    VPOS="1497"
                    WIDTH="1712"
                    HEIGHT="78"></String>
          </TextLine>
          <TextLine ID="eSc_line_abf418fc"
                    TAGREFS="LT8"
                    BASELINE="674 1594 2384 1606" 
                    HPOS="673"
                    VPOS="1558"
                    WIDTH="1711"
                    HEIGHT="68">
            <Shape><Polygon POINTS="2382 1571 2384 1606 2380 1626 673 1622 674 1558"/></Shape>
	    <String CONTENT=""
                    HPOS="673"
                    VPOS="1558"
                    WIDTH="1711"
                    HEIGHT="68"></String>
          </TextLine>
          <TextLine ID="line_27"
                    TAGREFS="LT8"
                    BASELINE="680 1658 2386 1658" 
                    HPOS="680"
                    VPOS="1620"
                    WIDTH="1706"
                    HEIGHT="64">
            <Shape><Polygon POINTS="680 1658 680 1680 2382 1684 2386 1658 2384 1620 680 1620 680 1658"/></Shape>
	    <String CONTENT="croire que l’oubliance ou ſuppreſſion d’icelles, ſera vn iour cher vendue à ceux qui l’au"
                    HPOS="680"
                    VPOS="1620"
                    WIDTH="1706"
                    HEIGHT="64"
                    WC="0.9920358260472616"></String>
          </TextLine>
          <TextLine ID="line_28"
                    TAGREFS="LT8"
                    BASELINE="683 1711 2384 1711" 
                    HPOS="683"
                    VPOS="1664"
                    WIDTH="1701"
                    HEIGHT="70">
            <Shape><Polygon POINTS="683 1711 683 1734 2384 1734 2384 1711 2384 1673 683 1664 683 1711"/></Shape>
	    <String CONTENT="royent peu faire entendre &amp; publier par toute la terre. La grandeur du ſuiect de ce¬"
                    HPOS="683"
                    VPOS="1664"
                    WIDTH="1701"
                    HEIGHT="70"
                    WC="0.9846292343877611"></String>
          </TextLine>
          <TextLine ID="line_29"
                    TAGREFS="LT8"
                    BASELINE="680 1763 2384 1767" 
                    HPOS="678"
                    VPOS="1718"
                    WIDTH="1706"
                    HEIGHT="74">
            <Shape><Polygon POINTS="680 1763 678 1789 2380 1792 2384 1767 2380 1718 680 1722 680 1763"/></Shape>
	    <String CONTENT="ſte hiſtoire auec les circonſtances des lieux, eſt de grand poix &amp; conſequence. Car où"
                    HPOS="678"
                    VPOS="1718"
                    WIDTH="1706"
                    HEIGHT="74"
                    WC="0.9766011190140385"></String>
          </TextLine>
          <TextLine ID="line_30"
                    TAGREFS="LT8"
                    BASELINE="680 1818 2386 1823" 
                    HPOS="678"
                    VPOS="1778"
                    WIDTH="1708"
                    HEIGHT="69">
            <Shape><Polygon POINTS="680 1818 678 1843 2382 1847 2386 1823 2384 1783 680 1778 680 1818"/></Shape>
	    <String CONTENT="eſt-il eſcrit qu’au Monde nouuellemẽt deſcouuert ily ait eu aucun ſacrifié &amp; mis a mort"
                    HPOS="678"
                    VPOS="1778"
                    WIDTH="1708"
                    HEIGHT="69"
                    WC="0.9893175892615587"></String>
          </TextLine>
          <TextLine ID="line_31"
                    TAGREFS="LT8"
                    BASELINE="683 1872 2384 1876" 
                    HPOS="680"
                    VPOS="1834"
                    WIDTH="1704"
                    HEIGHT="69">
            <Shape><Polygon POINTS="683 1872 680 1901 2380 1903 2384 1876 2382 1838 683 1834 683 1872"/></Shape>
	    <String CONTENT="pour le teſmoignage de la parolle de Dieu? Nous auõs veu &amp; leu q̃ les barbares ont tué,"
                    HPOS="680"
                    VPOS="1834"
                    WIDTH="1704"
                    HEIGHT="69"
                    WC="0.9846264887391851"></String>
          </TextLine>
          <TextLine ID="line_32"
                    TAGREFS="LT8"
                    BASELINE="683 1923 2386 1928" 
                    HPOS="680"
                    VPOS="1890"
                    WIDTH="1706"
                    HEIGHT="69">
            <Shape><Polygon POINTS="683 1923 680 1948 2382 1959 2386 1928 2384 1892 683 1890 683 1923"/></Shape>
	    <String CONTENT="ſacrifié, &amp; mangé aucuns Portugalois &amp; François: mais pourquoy? d’autant que par"
                    HPOS="680"
                    VPOS="1890"
                    WIDTH="1706"
                    HEIGHT="69"
                    WC="0.998721747513277"></String>
          </TextLine>
          <TextLine ID="line_33"
                    TAGREFS="LT8"
                    BASELINE="683 1979 2386 1983" 
                    HPOS="680"
                    VPOS="1939"
                    WIDTH="1706"
                    HEIGHT="71">
            <Shape><Polygon POINTS="683 1979 680 1999 2382 2010 2386 1983 2384 1950 683 1939 683 1979"/></Shape>
	    <String CONTENT="leur auarice &amp; ambition demeſuree, il auoyent outragé &amp; offenſé leſdits barbares. Cha¬"
                    HPOS="680"
                    VPOS="1939"
                    WIDTH="1706"
                    HEIGHT="71"
                    WC="0.9860524142330344"></String>
          </TextLine>
          <TextLine ID="line_34"
                    TAGREFS="LT8"
                    BASELINE="683 2033 2386 2037" 
                    HPOS="680"
                    VPOS="1995"
                    WIDTH="1706"
                    HEIGHT="64">
            <Shape><Polygon POINTS="683 2033 680 2057 2382 2059 2386 2037 2384 2004 683 1995 683 2033"/></Shape>
	    <String CONTENT="cun cognoit fort bien que leſdits Portugalois &amp; meſmes les François qui ont frequen¬"
                    HPOS="680"
                    VPOS="1995"
                    WIDTH="1706"
                    HEIGHT="64"
                    WC="0.9969659770236295"></String>
          </TextLine>
          <TextLine ID="line_35"
                    TAGREFS="LT8"
                    BASELINE="683 2091 2386 2086" 
                    HPOS="680"
                    VPOS="2050"
                    WIDTH="1706"
                    HEIGHT="63">
            <Shape><Polygon POINTS="683 2091 683 2113 2384 2108 2386 2086 2382 2053 680 2050 683 2091"/></Shape>
	    <String CONTENT="té icelles regiõs, n’ont iamais parlé vn ſeul mot de noſtre Seigneur Ieſus Chriſt aux po¬"
                    HPOS="680"
                    VPOS="2050"
                    WIDTH="1706"
                    HEIGHT="63"
                    WC="0.9922138711680537"></String>
          </TextLine>
          <TextLine ID="line_36"
                    TAGREFS="LT8"
                    BASELINE="680 2146 2386 2142" 
                    HPOS="678"
                    VPOS="2106"
                    WIDTH="1708"
                    HEIGHT="67">
            <Shape><Polygon POINTS="680 2146 680 2166 2382 2173 2386 2142 2380 2106 678 2108 680 2146"/></Shape>
	    <String CONTENT="ures gẽs de ce pays-la. Veu dõc q̃ les trois perſonnages (la mort deſquels eſt cõtenue cy"
                    HPOS="678"
                    VPOS="2106"
                    WIDTH="1708"
                    HEIGHT="67"
                    WC="0.9831369901480882"></String>
          </TextLine>
          <TextLine ID="line_37"
                    TAGREFS="LT8"
                    BASELINE="680 2200 2389 2195" 
                    HPOS="678"
                    VPOS="2151"
                    WIDTH="1711"
                    HEIGHT="71">
            <Shape><Polygon POINTS="680 2200 680 2220 2386 2222 2389 2195 2384 2162 1545 2151 1542 2151 1540 2151 1538 2151 1524 2162 810 2153 808 2153 678 2164 680 2200"/></Shape>
	    <String CONTENT="apres) qui ſe ſont cõme premices expoſez à la mort pour maintenir la iuſte querellede"
                    HPOS="678"
                    VPOS="2151"
                    WIDTH="1711"
                    HEIGHT="71"
                    WC="0.984848834317306"></String>
          </TextLine>
          <TextLine ID="line_38"
                    TAGREFS="LT8"
                    BASELINE="680 2256 2386 2251" 
                    HPOS="678"
                    VPOS="2213"
                    WIDTH="1708"
                    HEIGHT="65">
            <Shape><Polygon POINTS="680 2256 680 2278 2384 2276 2386 2251 2380 2213 678 2216 680 2256"/></Shape>
	    <String CONTENT="l’Euangile:ce ſeroit choſe mal ſeante &amp; de treſmauuaiſe cõſequence, de laiſſer leur me"
                    HPOS="678"
                    VPOS="2213"
                    WIDTH="1708"
                    HEIGHT="65"
                    WC="0.9904414846979338"></String>
          </TextLine>
          <TextLine ID="line_39"
                    TAGREFS="LT8"
                    BASELINE="680 2309 2386 2305" 
                    HPOS="678"
                    VPOS="2262"
                    WIDTH="1708"
                    HEIGHT="67">
            <Shape><Polygon POINTS="680 2309 680 2329 2386 2325 2386 2305 2382 2271 703 2262 701 2262 698 2262 678 2271 680 2309"/></Shape>
	    <String CONTENT="moire comme enſeuelie &amp; eſteinte entre les hommes : &amp; aduiendroit qu’vn iour leur"
                    HPOS="678"
                    VPOS="2262"
                    WIDTH="1708"
                    HEIGHT="67"
                    WC="0.9877915934280113"></String>
          </TextLine>
          <TextLine ID="line_40"
                    TAGREFS="LT8"
                    BASELINE="683 2363 2384 2358" 
                    HPOS="680"
                    VPOS="2323"
                    WIDTH="1704"
                    HEIGHT="64">
            <Shape><Polygon POINTS="683 2363 683 2387 2382 2383 2384 2358 2380 2325 680 2323 683 2363"/></Shape>
	    <String CONTENT="ſang redemanderoit vengeance de l’oubliance de ceux qui l’auroyent peu faire enten¬"
                    HPOS="680"
                    VPOS="2323"
                    WIDTH="1704"
                    HEIGHT="64"
                    WC="0.9923215364835348"></String>
          </TextLine>
          <TextLine ID="line_41"
                    TAGREFS="LT8"
                    BASELINE="683 2419 2384 2414" 
                    HPOS="680"
                    VPOS="2381"
                    WIDTH="1704"
                    HEIGHT="60">
            <Shape><Polygon POINTS="683 2419 683 2441 2382 2436 2384 2414 2377 2381 680 2385 683 2419"/></Shape>
	    <String CONTENT="dre par toute la terre. Ces conſiderations &amp; cauſes ont eſmeu ceux qui ont eſté pre¬"
                    HPOS="680"
                    VPOS="2381"
                    WIDTH="1704"
                    HEIGHT="60"
                    WC="0.9963563259910134"></String>
          </TextLine>
          <TextLine ID="line_42"
                    TAGREFS="LT8"
                    BASELINE="683 2470 2384 2465" 
                    HPOS="680"
                    VPOS="2428"
                    WIDTH="1704"
                    HEIGHT="69">
            <Shape><Polygon POINTS="683 2470 683 2497 2382 2492 2384 2465 2380 2436 694 2428 692 2428 689 2428 687 2428 687 2430 680 2434 683 2470"/></Shape>
	    <String CONTENT="ſens à ce qui eſt icy recité:&amp; entre leſquels eſt paruenu ce recueil, d’en faire participãt"
                    HPOS="680"
                    VPOS="2428"
                    WIDTH="1704"
                    HEIGHT="69"
                    WC="0.9864125448338529"></String>
          </TextLine>
          <TextLine ID="line_43"
                    TAGREFS="LT8"
                    BASELINE="680 2526 2384 2517" 
                    HPOS="678"
                    VPOS="2486"
                    WIDTH="1706"
                    HEIGHT="69">
            <Shape><Polygon POINTS="680 2526 680 2555 2382 2544 2384 2517 2377 2486 678 2486 680 2526"/></Shape>
	    <String CONTENT="le Lecteur, pour l’inſtruire contre les calomnies, qui pourroyent obſcurcir la verité des"
                    HPOS="678"
                    VPOS="2486"
                    WIDTH="1706"
                    HEIGHT="69"
                    WC="0.9904182347986433"></String>
          </TextLine>
          <TextLine ID="line_44"
                    TAGREFS="LT8"
                    BASELINE="680 2577 2384 2577" 
                    HPOS="680"
                    VPOS="2537"
                    WIDTH="1704"
                    HEIGHT="82">
            <Shape><Polygon POINTS="680 2577 680 2611 2054 2619 2056 2619 2192 2608 2194 2608 2197 2608 2257 2619 2259 2619 2384 2606 2384 2577 2382 2537 680 2546 680 2577"/></Shape>
	    <String CONTENT="cauſes de l’entrepriſe, des moyens, executions, proteſtatiõs, reuolte, bref, de tout ce qui"
                    HPOS="680"
                    VPOS="2537"
                    WIDTH="1704"
                    HEIGHT="82"
                    WC="0.9941884311644927"></String>
          </TextLine>
          <TextLine ID="line_45"
                    TAGREFS="LT8"
                    BASELINE="680 2633 913 2633" 
                    HPOS="680"
                    VPOS="2599"
                    WIDTH="233"
                    HEIGHT="61">
            <Shape><Polygon POINTS="680 2633 680 2653 910 2660 913 2633 913 2599 680 2599 680 2633"/></Shape>
	    <String CONTENT="s’enſuyuit:"
                    HPOS="680"
                    VPOS="2599"
                    WIDTH="233"
                    HEIGHT="61"
                    WC="0.9950675801797346"></String>
          </TextLine>
        </TextBlock>
        <TextBlock HPOS="673"
                   VPOS="2652"
                   WIDTH="1720"
                   HEIGHT="858"
                   ID="block_5"
                   TAGREFS="BT2525">
          <Shape><Polygon POINTS="2393 2652 2393 3510 673 3510 673 2652"/></Shape>
          <TextLine ID="line_46"
                    TAGREFS="LT8"
                    BASELINE="730 2689 2384 2682" 
                    HPOS="727"
                    VPOS="2637"
                    WIDTH="1657"
                    HEIGHT="76">
            <Shape><Polygon POINTS="1821 2642 1799 2642 1777 2642 1754 2642 1732 2642 1710 2642 1687 2642 1665 2642 1643 2642 1620 2642 1598 2642 1576 2642 1553 2642 1531 2642 1529 2637 1281 2637 1279 2637 745 2640 743 2640 741 2640 727 2646 730 2689 730 2711 2380 2713 2384 2682 2380 2646 1830 2642 1821 2642"/></Shape>
	    <String CONTENT="ESTANT Nicolas de Villegaignon ordonné viſadmiral en Bretaigne, entra en"
                    HPOS="727"
                    VPOS="2637"
                    WIDTH="1657"
                    HEIGHT="76"
                    WC="0.9836071941950549"></String>
          </TextLine>
          <TextLine ID="line_47"
                    TAGREFS="LT8"
                    BASELINE="680 2742 2384 2738" 
                    HPOS="678"
                    VPOS="2698"
                    WIDTH="1706"
                    HEIGHT="67">
            <Shape><Polygon POINTS="680 2742 680 2765 2382 2760 2384 2738 2380 2702 703 2698 701 2698 698 2698 678 2707 680 2742"/></Shape>
	    <String CONTENT="diſcord auec le Capitaine du chaſteau de Breſt, principale fortereſſe de tout le pays, à"
                    HPOS="678"
                    VPOS="2698"
                    WIDTH="1706"
                    HEIGHT="67"
                    WC="0.9892780867855201"></String>
          </TextLine>
          <TextLine ID="line_48"
                    TAGREFS="LT8"
                    BASELINE="683 2798 2384 2791" 
                    HPOS="680"
                    VPOS="2749"
                    WIDTH="1704"
                    HEIGHT="76">
            <Shape><Polygon POINTS="683 2798 683 2825 2382 2814 2384 2791 2377 2749 1056 2762 1029 2762 710 2753 707 2753 705 2753 680 2762 683 2798"/></Shape>
	    <String CONTENT="raiſon des fortifications dudit chaſteau. Ce diſcord engendra meſcontentement &amp;"
                    HPOS="680"
                    VPOS="2749"
                    WIDTH="1704"
                    HEIGHT="76"
                    WC="0.99030739974372"></String>
          </TextLine>
          <TextLine ID="line_49"
                    TAGREFS="LT8"
                    BASELINE="683 2854 2384 2845" 
                    HPOS="680"
                    VPOS="2809"
                    WIDTH="1704"
                    HEIGHT="72">
            <Shape><Polygon POINTS="683 2854 683 2876 1955 2881 1958 2881 2382 2867 2384 2845 2380 2811 680 2809 683 2854"/></Shape>
	    <String CONTENT="haine mortelle entre eux, iuſques à eſpier les occaſions pour ſe ſurprendre l’vn l’autre."
                    HPOS="680"
                    VPOS="2809"
                    WIDTH="1704"
                    HEIGHT="72"
                    WC="0.9910808854632908"></String>
          </TextLine>
          <TextLine ID="line_50"
                    TAGREFS="LT8"
                    BASELINE="678 2907 2040 2907 2384 2896" 
                    HPOS="678"
                    VPOS="2858"
                    WIDTH="1706"
                    HEIGHT="72">
            <Shape><Polygon POINTS="678 2930 2382 2925 2384 2896 2380 2858 1866 2858 1864 2858 1862 2858 1812 2869 678 2860 678 2907 678 2930"/></Shape>
	    <String CONTENT="Leur querelle paruint iuſques aux oreilles du roy Henry II. de ce nom: duquel eſtoit"
                    HPOS="678"
                    VPOS="2858"
                    WIDTH="1706"
                    HEIGHT="72"
                    WC="0.9970252102329618"></String>
          </TextLine>
          <TextLine ID="line_51"
                    TAGREFS="LT8"
                    BASELINE="676 2963 1942 2963 2384 2948" 
                    HPOS="674"
                    VPOS="2912"
                    WIDTH="1710"
                    HEIGHT="80">
            <Shape><Polygon POINTS="676 2963 676 2985 1835 2992 1837 2992 2382 2979 2384 2948 2377 2912 1828 2923 1355 2914 1337 2914 1335 2914 1330 2914 1194 2925 674 2916 676 2963"/></Shape>
	    <String CONTENT="beaucoup plus fauorilé le Capitaine du chaſteau, que Villeg. qui luy donna treſmauuai¬"
                    HPOS="674"
                    VPOS="2912"
                    WIDTH="1710"
                    HEIGHT="80"
                    WC="0.979236915193755"></String>
          </TextLine>
          <TextLine ID="line_52"
                    TAGREFS="LT8"
                    BASELINE="674 3014 1692 3019 2382 3003" 
                    HPOS="672"
                    VPOS="2968"
                    WIDTH="1710"
                    HEIGHT="82">
            <Shape><Polygon POINTS="674 3014 674 3050 2185 3037 2246 3046 2248 3046 2380 3032 2382 3003 2377 2968 1781 2968 1779 2968 1777 2968 1748 2979 1181 2970 1178 2970 1176 2970 1154 2981 672 2970 674 3014"/></Shape>
	    <String CONTENT="ſe eſperance de l’iſſue de ſa querelle. Il eſt certain qu’il eſperoit abyſmer ou pour le"
                    HPOS="672"
                    VPOS="2968"
                    WIDTH="1710"
                    HEIGHT="82"
                    WC="0.9911758947101507"></String>
          </TextLine>
          <TextLine ID="line_53"
                    TAGREFS="LT8"
                    BASELINE="674 3066 1835 3073 2384 3059" 
                    HPOS="674"
                    VPOS="3023"
                    WIDTH="1710"
                    HEIGHT="81">
            <Shape><Polygon POINTS="674 3066 674 3099 928 3090 955 3099 966 3102 969 3102 971 3104 2080 3104 2080 3102 2134 3090 2138 3090 2143 3090 2176 3102 2179 3102 2181 3102 2183 3102 2205 3090 2208 3090 2382 3090 2384 3059 2377 3023 1386 3035 1355 3030 1308 3023 1306 3023 1201 3032 1154 3035 1147 3032 1127 3023 1125 3023 1123 3023 1067 3032 1051 3035 1040 3032 998 3023 995 3023 993 3023 953 3035 946 3035 939 3035 908 3023 906 3023 904 3023 902 3023 899 3023 884 3035 879 3037 674 3037 674 3066"/></Shape>
	    <String CONTENT="moins rendre infame ſon aduerſe partie: mais conſiderant que peu il auançoit ſon en¬"
                    HPOS="674"
                    VPOS="3023"
                    WIDTH="1710"
                    HEIGHT="81"
                    WC="0.9861431156887728"></String>
          </TextLine>
          <TextLine ID="line_54"
                    TAGREFS="LT8"
                    BASELINE="667 3122 1960 3126 2384 3113" 
                    HPOS="665"
                    VPOS="3077"
                    WIDTH="1719"
                    HEIGHT="80">
            <Shape><Polygon POINTS="667 3122 665 3144 730 3157 732 3157 734 3157 783 3146 830 3157 832 3157 835 3157 837 3157 879 3146 1069 3157 1071 3157 1161 3146 1210 3157 1212 3157 1214 3157 1384 3146 1433 3157 1435 3157 1437 3157 1527 3146 1551 3157 1553 3157 1556 3157 2382 3144 2384 3113 2377 3077 2172 3088 667 3079 667 3122"/></Shape>
	    <String CONTENT="trepriſe, meſme trauaillant poſſible contre la verité du faict, ou contre trop grande fa¬"
                    HPOS="665"
                    VPOS="3077"
                    WIDTH="1719"
                    HEIGHT="80"
                    WC="0.9965315951241387"></String>
          </TextLine>
          <TextLine ID="line_55"
                    TAGREFS="LT8"
                    BASELINE="674 3177 1783 3182 2382 3164" 
                    HPOS="672"
                    VPOS="3131"
                    WIDTH="1710"
                    HEIGHT="80">
            <Shape><Polygon POINTS="674 3177 674 3202 1906 3211 1908 3211 2380 3195 2382 3164 2375 3131 672 3139 674 3177"/></Shape>
	    <String CONTENT="ueur, des-lors commença à ſe deſplaire en France, l’accuſant d’vne meſcognoiſſance"
                    HPOS="672"
                    VPOS="3131"
                    WIDTH="1710"
                    HEIGHT="80"
                    WC="0.9856494551613217"></String>
          </TextLine>
          <TextLine ID="line_56"
                    TAGREFS="LT8"
                    BASELINE="672 3231 1868 3235 2380 3218" 
                    HPOS="669"
                    VPOS="3186"
                    WIDTH="1711"
                    HEIGHT="81">
            <Shape><Polygon POINTS="672 3231 672 3251 1663 3267 1665 3267 1955 3264 2029 3251 2031 3251 2036 3251 2250 3264 2252 3264 2255 3264 2257 3264 2277 3251 2380 3251 2380 3218 2373 3186 669 3191 672 3231"/></Shape>
	    <String CONTENT="deshonneſte: attendu qu’il auoit conſumé toute ſa ieuneſſe portant les armes pour le"
                    HPOS="669"
                    VPOS="3186"
                    WIDTH="1711"
                    HEIGHT="81"
                    WC="0.9851943520938649"></String>
          </TextLine>
          <TextLine ID="line_57"
                    TAGREFS="LT8"
                    BASELINE="669 3289 1908 3289 2375 3269" 
                    HPOS="669"
                    VPOS="3235"
                    WIDTH="1706"
                    HEIGHT="83">
            <Shape><Polygon POINTS="669 3311 1908 3318 1911 3318 2373 3300 2375 3269 2368 3235 1911 3251 669 3249 669 3289 669 3311"/></Shape>
	    <String CONTENT="ſeruice d’icelle. Il adiouſtoit dauantage que ſon cœur ne pouuoit plus comporter d’y"
                    HPOS="669"
                    VPOS="3235"
                    WIDTH="1706"
                    HEIGHT="83"
                    WC="0.9945807960771379"></String>
          </TextLine>
          <TextLine ID="line_58"
                    TAGREFS="LT8"
                    BASELINE="667 3338 1799 3345 2377 3322" 
                    HPOS="665"
                    VPOS="3300"
                    WIDTH="1712"
                    HEIGHT="72">
            <Shape><Polygon POINTS="667 3338 667 3365 1908 3372 1911 3372 2375 3356 2377 3322 2371 3300 665 3300 667 3338"/></Shape>
	    <String CONTENT="faire long ſeiour &amp; reſidence, veu le maigre recueil qu’il auoit receu de ſes ſeruices pal¬"
                    HPOS="665"
                    VPOS="3300"
                    WIDTH="1712"
                    HEIGHT="72"
                    WC="0.9848469305824448"></String>
          </TextLine>
          <TextLine ID="line_59"
                    TAGREFS="LT8"
                    BASELINE="669 3398 1886 3398 2377 3378" 
                    HPOS="669"
                    VPOS="3345"
                    WIDTH="1708"
                    HEIGHT="80">
            <Shape><Polygon POINTS="669 3421 1833 3425 1835 3425 2375 3409 2377 3378 2371 3345 2192 3356 669 3356 669 3398 669 3421"/></Shape>
	    <String CONTENT="ſez. Pendant ce temps, audit lieu de Breſt reſidoit vn commis du Threſorier de la ma¬"
                    HPOS="669"
                    VPOS="3345"
                    WIDTH="1708"
                    HEIGHT="80"
                    WC="0.9956784711164587"></String>
          </TextLine>
          <TextLine ID="line_60"
                    TAGREFS="LT8"
                    BASELINE="667 3450 1647 3459 2054 3452 2375 3432" 
                    HPOS="665"
                    VPOS="3401"
                    WIDTH="1710"
                    HEIGHT="113">
            <Shape><Polygon POINTS="870 3401 665 3412 667 3450 667 3483 721 3505 723 3505 725 3505 727 3505 774 3485 790 3497 792 3497 794 3497 797 3497 866 3488 897 3483 904 3488 915 3497 917 3497 919 3497 922 3497 924 3497 926 3497 939 3488 951 3483 1089 3483 1100 3492 1102 3494 1105 3494 1107 3494 1109 3494 1111 3494 1123 3492 1154 3483 1176 3492 1185 3497 1187 3497 1190 3497 1192 3497 1194 3497 1198 3492 1212 3483 1270 3483 1299 3494 1330 3508 1332 3508 1335 3508 1337 3508 1366 3497 1377 3492 1399 3497 1478 3512 1480 3512 1556 3499 1574 3497 1596 3499 1665 3512 1667 3512 1670 3512 1692 3501 1730 3483 1846 3503 1871 3508 1873 3508 1875 3508 1886 3505 1960 3483 2034 3508 2042 3510 2045 3510 2047 3510 2065 3508 2118 3499 2134 3510 2136 3512 2138 3512 2141 3512 2143 3514 2373 3514 2375 3432 2368 3401 939 3412 928 3412 872 3401 870 3401"/></Shape>
	    <String CONTENT="rine, qui frequentoit familierement ledit Vileg. Ceſtuy tant pourles affarres de ſon ce"
                    HPOS="665"
                    VPOS="3401"
                    WIDTH="1710"
                    HEIGHT="113"
                    WC="0.9721209057446184"></String>
          </TextLine>
          <TextLine ID="line_61"
                    TAGREFS="LT8"
                    BASELINE="2299 3485 2377 3481" 
                    HPOS="2295"
                    VPOS="3438"
                    WIDTH="82"
                    HEIGHT="108">
            <Shape><Polygon POINTS="2299 3485 2304 3546 2377 3519 2377 3481 2371 3438 2295 3443 2299 3485"/></Shape>
	    <String CONTENT="ſtat"
                    HPOS="2295"
                    VPOS="3438"
                    WIDTH="82"
                    HEIGHT="108"
                    WC="0.9994543939828873"></String>
          </TextLine>
        </TextBlock>
        <TextBlock HPOS="457"
                   VPOS="1479"
                   WIDTH="222"
                   HEIGHT="207"
                   ID="eSc_textblock_0d9448db"
                   TAGREFS="BT2523">
          <Shape><Polygon POINTS="457 1479 457 1686 679 1686 679 1479"/></Shape>
          <TextLine ID="line_16"
                    TAGREFS="LT8"
                    BASELINE="509 1517 649 1517" 
                    HPOS="509"
                    VPOS="1477"
                    WIDTH="140"
                    HEIGHT="67">
            <Shape><Polygon POINTS="509 1517 509 1544 649 1537 649 1517 647 1477 509 1479 509 1517"/></Shape>
	    <String CONTENT="Le fruict"
                    HPOS="509"
                    VPOS="1477"
                    WIDTH="140"
                    HEIGHT="67"
                    WC="0.9572555356555514"></String>
          </TextLine>
          <TextLine ID="line_25"
                    TAGREFS="LT8"
                    BASELINE="509 1557 673 1551" 
                    HPOS="509"
                    VPOS="1505"
                    WIDTH="165"
                    HEIGHT="70">
            <Shape><Polygon POINTS="640 1519 640 1506 671 1505 674 1575 509 1575 509 1519"/></Shape>
	    <String CONTENT="E vriltté de moire des choſes tant memorables, aduenues en ce temps, nous doit picquer &amp; ſolici¬"
                    HPOS="509"
                    VPOS="1505"
                    WIDTH="165"
                    HEIGHT="70"
                    WC="0.9983129378446599"></String>
          </TextLine>
          <TextLine ID="line_26"
                    TAGREFS="LT8"
                    BASELINE="506 1593 673 1594" 
                    HPOS="504"
                    VPOS="1557"
                    WIDTH="169"
                    HEIGHT="65">
            <Shape><Polygon POINTS="506 1593 506 1557 673 1558 672 1622 529 1622 526 1620 524 1622 504 1622"/></Shape>
	    <String CONTENT="ceſte hiſtoi- ter viuement à vne meditation continuelle des merueilles du Seigneur, &amp; conuient"
                    HPOS="504"
                    VPOS="1557"
                    WIDTH="169"
                    HEIGHT="65"
                    WC="0.9941554232647545"></String>
          </TextLine>
          <TextLine ID="eSc_line_d69113cd"
                    TAGREFS="LT8"
                    BASELINE="509 1644 547 1644" 
                    HPOS="505"
                    VPOS="1600"
                    WIDTH="41"
                    HEIGHT="140">
            <Shape><Polygon POINTS="505 1643 509 1740 546 1720 546 1643 546 1600 505 1600 505 1643"/></Shape>
	    <String CONTENT=""
                    HPOS="505"
                    VPOS="1600"
                    WIDTH="41"
                    HEIGHT="140"></String>
          </TextLine>
        </TextBlock>
        <TextBlock HPOS="668"
                   VPOS="592"
                   WIDTH="1744"
                   HEIGHT="101"
                   ID="block_11"
                   TAGREFS="BT2530">
          <Shape><Polygon POINTS="2412 592 2412 693 668 693 668 592"/></Shape>
        </TextBlock>
      </PrintSpace>
    </Page>
  </Layout>
</alto>
