1918 2629
425 236 282 47 HVITIEME.

1054 213 82 63 260

62 281 1001 84 ſerra de ſi pres le mont de Marſan, où pluſieurs Prote- Montmar¬

65 341 985 66 ſtans s’eſtoyent retirez, qu’apres quelques aſſauts, &

64 388 982 69 pluſieurs autres entreprinſes, il s’en fiſt maiſtre:non ſans Monluc.

67 441 987 65 grande effuſion de ſang, meſmement des aſſiegez, à peu

68 492 415 63 deſquels il pardonna.

108 528 951 67 Le Comte de Montgommery, toutes choſes ordon¬

68 575 986 70 nees à ſon pouuoir, Serignac laiſſé Gouuerneur dans

67 623 984 75 Nauarrin, & autres en chacune place d’importance, ſe

67 676 991 68 met en campagne, apres auoir ſeu (comme ie diray ail- tourne ioin

65 724 998 73 leurs) l’acheminement des Princes en Gaſcongne, pour dre les Prin

65 793 997 42 ſe ioindre à eux, qu’il ſauoit s’auancer vers le port fain¬

65 816 995 69 te Marie ſur la Garonne: ſeiourna quelque temps à Ne¬

67 867 994 70 rac, ville des appartenances de la Royne de Nauarre:

67 914 993 68 non ſans eſtre de iour à autre à la guerre, contre les gar¬

65 961 994 62 niſons voiſines. Pres de la (trois ſemaines deuant qu’ar¬

70 1007 998 78 riuer) le Capitaine Arnay, ſorti auec bien cent cinquã- ne Arnay

68 1060 1000 66 té ſoldats, pour ſurptendre quelques vns de ſes troupes, tué.

70 1108 993 60 fut chargé par la compagnie de Caumont & autres, ſi à

70 1150 996 69 poinct, qu’il fut renuerſé mort à terre, comme il demeu¬

70 1199 994 68 roit le dernier des ſiens, pour les retirer & fauoriſer re¬

71 1248 995 65 traitte à vn des ſiens, qui tombé de deſſus vn pont en

71 1301 710 57 Ieau, ne pouuoit aiſeement remonter.

119 1339 954 70 De Nerac, le Comte ſe rendit au port ſainte Marie, Retraitte

70 1392 1008 65 ſans aucun danger: non pas ceux qu’il auoit laiſſez en d’armee.

73 1435 991 70 queuë pour ſe faciliter le paſſage. Car ayant laiſſé le

78 1491 988 55 Vicomte de Caumont, & Biſque auec ſes harquebuziers

73 1535 993 59 à Contagnat & le Vicomte Paulin à Plume. Ceſtuy-ci

71 1580 993 67 eut tant d’algarades & trauerſes par les Catholiques,

71 1627 993 62 qu’ils furent contraints ſe retirer à Caumont. Auoir

70 1676 999 67 ioints leurs troupes, ſans perdre beaucoup de gens, auec

73 1719 996 65 vne diligence & ſoudaineté couſtumiere, ſe rendirent

62 1765 1007 72 en fin au port de ſainte Marie. Voila comme ce Chef

67 1814 1002 71 (ſon entreprinſe executee) augmenta les troupes Pro¬

75 1862 992 71 teſtantes de cinq à ſix cens cheuaux, que piſtoliers, que

75 1910 994 69 harquebuziers argoulets, auec vne bonne ſomme d’ar¬

77 1977 559 54 gent qu’il tira de ce pays-la.

125 2005 944 101 POVR ne rompre l’ordre du temps, premier que re¬

778 2052 110 102 E.iii.

1061 321 163 54 jan ußergé.

1063 360 155 53 & prins P

1063 598 159 69 Montgom¬

1063 657 139 42 mery re¬

1070 977 159 61 Le Capitai
