2811 4025
1073 234 756 123 Gilles Tilleman, de Bruxelles.

2146 243 108 119 103

478 333 1753 94 eſtoit par luy employee à viſiter les malades, ſoulager les poures, accorder lesbourgeois

478 404 1744 74 qui auoyent entre eux quelque diſſenſion. Et ia-ſoit que la pluſpart du temps fuſt par

480 456 1740 89 Iuy colloquee à exercer les offices de vraye charité entre ſes prochains, & que pour ſon

480 509 1736 85 meſtier il ne reſeruaſt que bien peu d’heures du iour, il eſt impoſſible de dire combien

478 572 1738 74 Dieu beniſſoit & multiplioit le fruict de ſon trauail. Tout ce qu’il gagnoit de ſon art, il

476 619 1737 78 en diſtribuoit vnegrande partie aux poures: & quant à luy, il viuoit fort petitement, &

476 682 1737 71 ne deſpendoit preſque comme rien: par tel moyen s’acquerant l’amour du peuple. Les

480 726 1733 85 gens de bien de la ville de Bruxelles l’inuitoyent, & eſtoyent bien aiſes de preſenter

478 780 1735 85 leurs biens à ſon commandement. Souuent auſſi luy donnoyent quelques preſens: leſ¬

478 834 1740 89 quels s’il prenoit, ce n’eſtoit que pour en ſoulager quelque poure qu’il cognoiſſoit. De oilles di¬

476 892 1741 76 ceſte faueur des citoyens, & des biens qu’il auoit, il n’en vſoit point à ſon profit particu- ſtribue aux

474 945 1750 87 lier, mais tout au profit de ſes prochains. Il auoit à Bruxelles ſon boulenger propre, ſon aumoſnes

474 1001 1743 86 cordonnier, ſon couſturier, ſon apoticaire. de l’vn il prenoit du pain pour diſtribuer aux des riches.

474 1055 1737 80 poures, de l’autre des ſouliers pour chauſſer les neceſſiteux, des robes pour veſtir d’hy¬

471 1120 1740 78 uer les indigens, des medecines pour ſubuenir aux poures ſouffreteux malades: Voila

471 1165 378 80 quant à ſa charité.

516 1211 1693 92 DIRAY-ie maintenant de la pieté & crainte de Dieu qu’il auoit, de laquelle il eſtoit

469 1279 1738 80 plus renommé que de toutes ſes autres vertus? Tout ſon principal ſoin eſtoit à s’enque¬

471 1337 1736 73 rir de la doctrine de l’Euangile: à laquelle lire & mediter, enſemble en l’inuocation de

474 1379 1733 92 Dieu & priere, il auoit tant profité, & eſtoit ſi ardent, que ſouuentefois ſes amis le trou¬

471 1444 1733 83 uoyent à genoux priant & comme raui hors de ſoy-meſme: tãt il auoit les forces de ſon

471 1495 1733 79 eſprit ententiues & fichees à ſa priere. De ſauoir, il en auoit autant qu’il luy en eſtoit be

469 1554 1733 73 ſoin à lire liures imprimez en ſa langue & à les entendre: d’autres grandes ſciences, il n'

465 1607 1739 85 en auoit point. (Enuiron le temps que la perſecution (dont nous auons parlé ci deuãt)

462 1663 1742 83 fut ſi aſpre au pais de Brabant, il aduint qu’en la ville de Bruxelles on voyoit quelq̃ ap¬

465 1712 1739 83 parence & commencemẽt de peſte & de famine. Gilles, qui auoit touſiours ſurpaſſé en

462 1777 1740 76 la craîte de Dieu & amour enuers ſon pchain toꝰ ceux qui en icelle ville, & meſmes en

462 1815 1741 98 tout le pais auoyent renom d’eſtre Chreſtiens & charitables, d’vne vertu admirable & La ferueur

462 1885 1740 78 merueilleuſe conſtance ſevainquit ſoy-meſme, lors qu’on eſtoit en grande difficulté de de vraye

465 1932 1750 89 viures, & beaucoup de poures gens en grande angoiſſe. Adonc il vendit quelque bien à temps de

460 1981 1742 89 l'encan, duquel il fit vne ſomme de deniers, & la deſpendit en ce temps de famine à ſou perſecutiõ.

462 2034 1734 94 lager les poures, les malades & autres ſouffreteux. Il ne ſe paſſoit iour qu’il n’allaſt aux

460 2093 1738 82 lieux publics de la ville, où il les penſoit peſtiferez, & qu’il ne leur ſubuinſt en leurs ne¬

460 2153 1738 83 ceſſitez. Il retiroit à ſa maiſon les eſtrangers, les poures, ſingulierement les malades: il

458 2200 1740 85 les nourriſſoit, les ſoulageoit, les ſeruoit, iuſqu’à ce qu'ayans par la grace de Dieu recou¬

458 2256 1738 91 uré leur ſanté, ils retournaſſent à leur trauail. & ne faiſoit pas office ſeulement de ſubue

456 2314 1733 89 nir aux corps, mais ſpecialement aux ames, les inſtruiſans en la doctrine de Ieſus Chriſt,

453 2365 1727 94 & les enſeignant auec grande efficace de paroles, qu’ils ne ſe deuoyẽt point fier aux œu

456 2419 1733 94 ures, & que c’eſtoit par la ſeule miſericorde de Ieſus Chriſt qu’il leur faloit eſtre ſauuez: os deoui

453 2484 1738 83 que la grãdeur du peché auoit eſté telle, que l’ire de Dieu ne pouuoit eſtre appaiſee par

453 2531 1736 91 autre moyen que par le ſacrifice du propre Fils de Dieu. D’autre part, q̃ l’amour & cha¬

453 2580 1738 89 rité de Dieu auoit eſté ſi grande enuers le genre humain, qu’il auoit bien daigné enuo¬

451 2640 1738 92 yer ſon Fils en ce monde, afin que par ſon ſang tous nos pechez fuſſent lauez, & que par

451 2696 1736 85 ſon ſacrifice il fiſt accord entre Dieu & nous, & nous fiſt heritiers du royaume celelee.

456 2748 1731 87 Bref, il annõçoit d’vne grãde efficace, La miſere de noſtre nature, L’horreur du peché,

453 2797 1736 96 La miſericorde de Dieu, La iuſtice de la foy, & la vie eternelle. Pluſieurs ayans eſté par

451 2857 1742 87 luy inſtruits en ceſte lumiere de l’Euangile, ſe retirerent au pais circonuoiſin, & ont

451 2911 1736 98 commencé à eſpandre & ſemer ce qu’ils auoyent apprins de luy: en ſorte que la doctri¬

451 2965 1736 98 ne de ſalut print grand accroiſſement au pais de Brabant. Mais comme la vertu de ceſt

451 3016 1736 92 homme a touſiours eſté reluiſante, auſſi n’a-elle pas eu faute d’accuſateurs, qui taſchaſ¬

449 3074 1743 93 ſent à la deſtruire. Entre autres il y eut vn ſuppoſt de l’Antechriſt, curé du temple qu’- Le curé de

449 3132 1743 94 on appele la Chapelle, à Bruxelles, lequel accuſaGilles au Procureur general. Qui vou- la Chapel¬

449 3186 1726 101 droit raconter les meſchans tours, les blaſphemes, & les horribles faicts de ce loup abo¬

449 3240 1738 94 minable, il ramaſſeroit vn retrait de toute vilenie & ordure, indigne d’eſtre nõmé entre

447 3284 1740 101 les hõmes. ce loup, di-ie, cõmença à crier contre luy tãt en public qu’en priué: à iurer &

447 3342 1740 123 appeler le ciel & la terre, q̃ ſi ceſt hõme n’eſtoit oſté par mort, en bref temps tout le pais

2023 3421 47 129 4.

2218 950 150 56 poures les

2204 1934 153 62 charité en

2200 2325 154 112 Fapiie¬

2196 2412 152 56 exhortat.

2193 3188 164 81 le de Bru¬

2184 3233 108 83 xelles.
