4096 6330
1055 341 1014 109 DIXNEVTIEME.

2751 291 180 211 528

439 436 2495 165 Seullement en l’endroict du feu Admiral comme

242 573 2692 169 chef de la coiuration & principal occaſion d’icelle, ſa

246 706 2692 166 Maieſté a voulu que la Court de Parlement de Paris

249 840 2692 162 fut procedé ſelõ la forme & rigueur des loix, non pour

242 974 2713 165 autre raiſon, ſinon afin que par le iugement d’vn Senat

246 1097 2709 176 ſi ſainct & ſi graue, il apparuſt à tous les mortels, de la

253 1241 2695 155 coniuration qui auoit eſté faicte contre ſa vie & con¬

256 1364 2692 165 tre ſon eſtat. Car pour le regard de la peine de la con¬

249 1494 2706 172 ſpiration, il n’en a point voulu d’autre, que telle & ſi

253 1628 2706 165 grande que le peril & la neceſſité d’vn prompt remede

249 1772 648 141 le requeroit.

450 1874 2512 186 Qu’a-il donc en tout cecy qui à bon droict puiſſe

256 2018 2703 169 eſtre reprins? ou pour mieux dire, qui ne merite louan¬

267 2145 2699 172 ge? Car en premier lieu, qu’il. y ait eu coniuration, nul

253 2271 2713 176 (tant impudent ou meſchant ſoit il) ſinon qu’il ſoit du

246 2394 2720 190 nombre des coniurateurs meſmes, ne l’oſeroit nier, ſin¬

263 2535 2699 179 gulierement apres le iugemẽt & arreſt de la Court ſur

256 2665 2713 158 ce donné: Car outre les trois delateurs de la conuiura¬

256 2799 2703 183 tion qui auoient eſté preſens, pluſieurs des conſpira¬

253 2929 2709 179 teurs lors qu’on le frappoit ſ'eſcrierent que par vn iu¬

260 3070 2706 168 ſte iugement de Dieu ils enduroyent eux-meſmes ce

263 3203 2703 165 qu’ils auoynt machiné cõtre autrui. Quelques vns auſ¬

260 3319 2706 183 ſi, prins priſonniers, confeſſerent en iuſtice vne partie

256 3446 2703 183 des choſes qui auoyent eſté reuelées par les denoncia¬

267 3572 2692 194 teurs, & tout ce qui auoit eſté cõfeſſé par ceux ci, & re¬

256 3703 2699 189 uelé par ceux la, a depuis eſté enquis, veu verifié, eſ¬

256 3836 2703 183 clarcy, & mis à iour par la Court de Parlement, comme

274 3963 2678 197 il eſt amplement contenu és actes & regiſtres d’icelle.

460 4103 2495 169 Que ſi nous ne tenions conuaincue & comme atta

270 4223 2682 193 chée & garrotée la coniuration par les indices, par les

267 4350 2681 197 confeſſions des coulpables, par la veuë & par les pre¬

274 4483 2671 201 ſẽce des choſes: & par le iugemẽt & arreſt de la Court,

277 4617 2664 179 & qu’il y falluſt venir par des ſoupçõs & cõiectures,

288 4740 2667 200 vous ſemble il qu’il y euſt grand affaire à perſuader au

281 4881 2660 193 monde, que le feu Admiral, & quelques vns des ſiens,

285 5004 2667 200 euſſent eſté tels d’auoir conſpité? eux qui en la lu¬

277 5134 2678 193 miere de la France, & aux yeux de toutes les nations

288 5260 2671 208 ont par tant de fois aſſailly le Roy, premieremẽt par a

295 5405 2653 182 guets, & puis à guerre ouuerte, ſi guerre ſe peut nom¬

288 5531 2646 218 mer ce que lon entreprend contre ſon prince naturel.
