4096 6561
842 324 1401 222 Sous François II.

2695 338 237 241 125

390 554 2557 207 eulté du monde, on eſtoit chargé de coups.

419 732 2531 171 Ils alloyent pareillement de maiſon en au¬

401 885 2553 186 tre queſter argent pour ſemblables ſerui¬

404 1046 2550 178 ces, & chanter meſſes à ces nouuelles ima¬

415 1195 2543 179 ges, & frayer aux proces des Lutheriens, à

401 1345 2553 196 quoy ſi on leur contrediſoit tant peu que ce

401 1498 2557 175 fuſt, il n’y alloit que de la vie & ſaccagement

401 1654 2557 190 des maiſons, dont s’enſuyuirent pluſieurs

404 1815 2557 182 meurtres, qui neantmoins quelquesfois re¬

408 1961 2557 178 tournoyent ſur les teſtes des aſſaillans. Car

408 2114 2560 193 certains garnemens, inquietez de leurs det¬

415 2270 2550 183 tes, ſuyuoyent leurs crediteurs, & les trouuãs

419 2423 2553 194 aux rues eſgarees, n’auoyent pluſtoſt crié, au

419 2577 2553 189 Lutherien, au Chriſtaudin, qu’ils ne fuſſent

415 2733 2553 186 non ſeulement quittes de leurs debtes, mais

423 2886 2545 197 le plus ſouuent reueſtus des deſpouilles de

423 3039 981 161 leurs creanciers.

583 3193 2364 193 Ces façons de faire ouuertement tyranni

419 3353 2532 186 ques, les menaces deſquelles à ceſte occaſiõ finalemẽt

415 3513 2517 190 on vſoit enuers les plus grands du royaume,

412 3659 2540 208 le reculement des Princes & grands Sei-endormis.

419 3819 2542 186 gneurs, le meſpris des eſtats du Royaume, la

412 3976 2546 190 corruption des principaux de la iuſtice ran¬

423 4137 2538 178 gee à la deuotiõ des nouueaux Gouuer¬

412 4286 2553 186 neurs, les finances du Royaume departies

423 4435 2542 194 par leur commandement, & à qui bon leur

412 4592 2553 186 ſembloit, comme auſsi tous les offices & be

415 4742 2557 193 nefices, bref leur gouuernement violent, &

430 4902 2546 186 de ſoymeſme illegitime, eſmeut de merueil¬

426 5048 2546 200 leuſes haines contre eux, & fit que pluſieurs

430 5205 2535 218 Seigneurs ſe reſueillerent comme d’vn pro¬

1954 5383 73 208 25

2987 3178 390 157 L’oppreſ¬

2976 3295 448 145 ſi on ouure

2968 3506 416 142 les yeux

2968 3626 409 128 aux plus
