1192 1885
482 69 229 68 de Sauoye.

936 73 43 70 45

178 132 808 83 ferrat & Mantoüan, puis s’arreſta

179 204 808 76 deuant Carmagnolle en Decẽbre

182 276 803 80 1588. qu’il prit auſſi toſt, ſur quatre

180 343 805 75 enſeignes mal cõplettes, dont prés

181 409 808 70 de cent ſoldats ſe retirerẽt au Cha¬

183 479 808 72 ſteau, que trente ſoldats gardoient;

184 546 811 75 leſquels, faute d’autre prouiſion

185 614 811 81 que d’artillerie, & ſes munitions: ſe

187 681 812 74 rendirent huict iours apres la ville

191 752 804 73 priſe, vie, armes & bagues ſauues,

189 823 810 70 auec paye pour trois mois, que les

190 882 810 75 cheſs (bien contentez d’ailleurs) di¬

190 951 805 73 ſtribuërent mal aux ſoldats, leſ¬

194 1021 809 74 quels deſbandez, n’ont eſté depuis

197 1091 808 71 veuz, non plus que les chefs. Il prit

195 1159 812 69 le meſme iour & par ſemblable

194 1224 814 75 moyen Cental: puis Rauel, qu’il

196 1293 809 74 battit, & força en trois ſepmaines.

196 1360 812 71 où faſché d’auoir perdu nombre

197 1433 811 69 de gens, ayma mieux repratiquer

196 1496 813 75 ſes corruptions que la force, pour

199 1560 808 85 enleuer le reſte du Marquiſat. Crai¬
