<?xml version="1.0" encoding="UTF-8"?>
<alto xmlns:xsi="http://www.w3.org/2001/XMLSchema-instance"
      xmlns="http://www.loc.gov/standards/alto/ns-v4#"
      xsi:schemaLocation="http://www.loc.gov/standards/alto/ns-v4# http://www.loc.gov/standards/alto/v4/alto-4-2.xsd">
  <Description>
    <MeasurementUnit>pixel</MeasurementUnit>
    <sourceImageInformation>
      <fileName>page_169.jpg</fileName>
    </sourceImageInformation>
  </Description>
  <Tags>
    <OtherTag ID="BT7" LABEL="CustomZone" DESCRIPTION="block type CustomZone"/><OtherTag ID="BT8" LABEL="DamageZone" DESCRIPTION="block type DamageZone"/><OtherTag ID="BT9" LABEL="DigitizationArtefactZone" DESCRIPTION="block type DigitizationArtefactZone"/><OtherTag ID="BT10" LABEL="DropCapitalZone" DESCRIPTION="block type DropCapitalZone"/><OtherTag ID="BT11" LABEL="GraphicZone" DESCRIPTION="block type GraphicZone"/><OtherTag ID="BT12" LABEL="MainZone" DESCRIPTION="block type MainZone"/><OtherTag ID="BT13" LABEL="MarginTextZone" DESCRIPTION="block type MarginTextZone"/><OtherTag ID="BT14" LABEL="MusicZone" DESCRIPTION="block type MusicZone"/><OtherTag ID="BT15" LABEL="NumberingZone" DESCRIPTION="block type NumberingZone"/><OtherTag ID="BT17" LABEL="QuireMarksZone" DESCRIPTION="block type QuireMarksZone"/><OtherTag ID="BT18" LABEL="RunningTitleZone" DESCRIPTION="block type RunningTitleZone"/><OtherTag ID="BT19" LABEL="SealZone" DESCRIPTION="block type SealZone"/><OtherTag ID="BT20" LABEL="StampZone" DESCRIPTION="block type StampZone"/><OtherTag ID="BT21" LABEL="TableZone" DESCRIPTION="block type TableZone"/><OtherTag ID="BT22" LABEL="TitlePageZone" DESCRIPTION="block type TitlePageZone"/><OtherTag ID="BT2522" LABEL="MainZone-Continued" DESCRIPTION="block type MainZone-Continued"/><OtherTag ID="BT2523" LABEL="MarginTextZone-Notes" DESCRIPTION="block type MarginTextZone-Notes"/><OtherTag ID="BT2524" LABEL="MainZone-Head" DESCRIPTION="block type MainZone-Head"/><OtherTag ID="BT2525" LABEL="MainZone-P" DESCRIPTION="block type MainZone-P"/><OtherTag ID="BT2526" LABEL="MainZone-Signature" DESCRIPTION="block type MainZone-Signature"/><OtherTag ID="BT2527" LABEL="TitlePageZone-Index" DESCRIPTION="block type TitlePageZone-Index"/><OtherTag ID="BT2528" LABEL="MainZone-Entry" DESCRIPTION="block type MainZone-Entry"/><OtherTag ID="BT2529" LABEL="MainZone-Sp" DESCRIPTION="block type MainZone-Sp"/><OtherTag ID="BT2530" LABEL="GraphicZone-Decoration" DESCRIPTION="block type GraphicZone-Decoration"/><OtherTag ID="BT2531" LABEL="MarginTextZone-ManuscriptAddendum" DESCRIPTION="block type MarginTextZone-ManuscriptAddendum"/><OtherTag ID="BT2532" LABEL="MainZone-Other" DESCRIPTION="block type MainZone-Other"/><OtherTag ID="BT2533" LABEL="MainZone-ListItem" DESCRIPTION="block type MainZone-ListItem"/><OtherTag ID="BT2534" LABEL="GraphicZone-Head" DESCRIPTION="block type GraphicZone-Head"/><OtherTag ID="BT2535" LABEL="MainZone-Lg" DESCRIPTION="block type MainZone-Lg"/><OtherTag ID="BT2536" LABEL="MainZone-Date" DESCRIPTION="block type MainZone-Date"/>
    <OtherTag ID="LT7" LABEL="CustomLine" DESCRIPTION="line type CustomLine"/><OtherTag ID="LT8" LABEL="DefaultLine" DESCRIPTION="line type DefaultLine"/><OtherTag ID="LT9" LABEL="DropCapitalLine" DESCRIPTION="line type DropCapitalLine"/><OtherTag ID="LT10" LABEL="HeadingLine" DESCRIPTION="line type HeadingLine"/><OtherTag ID="LT11" LABEL="InterlinearLine" DESCRIPTION="line type InterlinearLine"/><OtherTag ID="LT12" LABEL="MusicLine" DESCRIPTION="line type MusicLine"/><OtherTag ID="LT749" LABEL="default" DESCRIPTION="line type default"/>
  </Tags>
  <Layout>
    <Page WIDTH="1484"
          HEIGHT="2071"
          PHYSICAL_IMG_NR="164"
          ID="eSc_dummypage_">
      <PrintSpace HPOS="0"
                  VPOS="0"
                  WIDTH="1484"
                  HEIGHT="2071">
        <TextBlock HPOS="882"
                   VPOS="164"
                   WIDTH="232"
                   HEIGHT="49"
                   ID="block_2"
                   TAGREFS="BT18">
          <Shape><Polygon POINTS="1114 164 1114 213 882 213 882 164"/></Shape>
          <TextLine ID="line_2"
                    TAGREFS="LT10"
                    BASELINE="884 194 1112 194" 
                    HPOS="884"
                    VPOS="155"
                    WIDTH="228"
                    HEIGHT="55">
            <Shape><Polygon POINTS="1110 210 1112 194 1112 155 1061 155 1060 155 1059 155 1058 155 1039 163 1018 156 1016 155 1015 155 1014 155 1013 155 1010 156 995 164 918 158 917 158 916 158 897 164 886 157 884 194 884 209"/></Shape>
	    <String CONTENT="HISTOIRE"
                    HPOS="884"
                    VPOS="155"
                    WIDTH="228"
                    HEIGHT="55"
                    WC="0.9999889433383942"></String>
          </TextLine>
        </TextBlock>
        <TextBlock HPOS="615"
                   VPOS="210"
                   WIDTH="306"
                   HEIGHT="41"
                   ID="block_0"
                   TAGREFS="BT2522">
          <Shape><Polygon POINTS="921 210 921 251 615 251 615 210"/></Shape>
          <TextLine ID="line_3"
                    TAGREFS="LT8"
                    BASELINE="609 235 919 239" 
                    HPOS="607"
                    VPOS="190"
                    WIDTH="312"
                    HEIGHT="65">
            <Shape><Polygon POINTS="609 235 607 247 917 255 919 239 919 202 804 192 803 192 720 200 713 200 710 200 680 190 679 190 678 190 676 190 675 190 665 199 628 190 627 190 626 190 609 197 609 235"/></Shape>
	    <String CONTENT="conſtumes à cefaire."
                    HPOS="607"
                    VPOS="190"
                    WIDTH="312"
                    HEIGHT="65"
                    WC="0.9989979040055048"></String>
          </TextLine>
        </TextBlock>
        <TextBlock HPOS="602"
                   VPOS="250"
                   WIDTH="772"
                   HEIGHT="1524"
                   ID="block_1"
                   TAGREFS="BT2525">
          <Shape><Polygon POINTS="1374 254 1373 1767 602 1774 608 250 914 252"/></Shape>
          <TextLine ID="line_4"
                    TAGREFS="LT8"
                    BASELINE="651 274 1371 272" 
                    HPOS="650"
                    VPOS="241"
                    WIDTH="721"
                    HEIGHT="53">
            <Shape><Polygon POINTS="651 274 651 288 819 288 845 294 846 294 847 294 848 294 865 287 866 287 868 287 897 294 899 294 938 288 959 294 960 294 961 294 1093 293 1094 293 1096 293 1106 287 1271 293 1272 293 1273 293 1274 293 1282 286 1305 292 1306 292 1307 292 1370 285 1371 272 1367 241 650 242 651 274"/></Shape>
	    <String CONTENT="Or comme les cours des grands, ne manquerentin"
                    HPOS="650"
                    VPOS="241"
                    WIDTH="721"
                    HEIGHT="53"
                    WC="0.9937830502572267"></String>
          </TextLine>
          <TextLine ID="line_5"
                    TAGREFS="LT8"
                    BASELINE="611 312 1370 310" 
                    HPOS="610"
                    VPOS="280"
                    WIDTH="760"
                    HEIGHT="50">
            <Shape><Polygon POINTS="611 312 611 330 1368 324 1370 310 1366 284 1140 286 1136 285 1120 280 1119 280 1117 280 1116 280 1115 280 1115 281 1110 285 1109 287 1018 287 1016 286 994 280 993 280 992 280 991 280 990 280 990 281 988 281 985 286 984 287 967 286 879 281 878 281 824 287 807 281 805 281 623 281 622 281 621 281 620 281 610 286 611 312"/></Shape>
	    <String CONTENT="mais d’ambition, d’enuie, d’auarice &amp; telles autres paſ¬"
                    HPOS="610"
                    VPOS="280"
                    WIDTH="760"
                    HEIGHT="50"
                    WC="0.9878765323332378"></String>
          </TextLine>
          <TextLine ID="line_6"
                    TAGREFS="LT8"
                    BASELINE="612 350 1371 348" 
                    HPOS="611"
                    VPOS="329"
                    WIDTH="760"
                    HEIGHT="41">
            <Shape><Polygon POINTS="1359 339 1348 339 1336 339 1325 339 1313 339 1302 339 1290 339 1279 339 1267 339 1256 339 1244 339 1233 339 1221 339 1209 339 1198 339 1186 339 1175 339 1163 339 1152 339 1140 339 1129 339 1117 339 1106 339 1094 339 1083 339 1071 339 1060 339 1048 339 1037 339 1025 339 1014 339 1002 339 991 339 979 339 968 339 956 339 945 339 933 339 922 339 910 339 899 339 887 339 876 339 864 339 853 339 841 339 830 339 818 339 807 339 795 339 784 339 772 339 760 339 749 339 737 339 726 339 714 339 703 339 691 339 687 329 611 329 612 350 613 370 640 363 842 363 876 369 878 369 879 370 982 370 982 369 983 369 984 369 984 368 993 363 1368 365 1371 348 1368 339 1359 339"/></Shape>
	    <String CONTENT="ſione: vraies ſources des partialitez qui pour tout nit"
                    HPOS="611"
                    VPOS="329"
                    WIDTH="760"
                    HEIGHT="41"
                    WC="0.9786800102754073"></String>
          </TextLine>
          <TextLine ID="line_7"
                    TAGREFS="LT8"
                    BASELINE="613 387 1370 387" 
                    HPOS="613"
                    VPOS="356"
                    WIDTH="757"
                    HEIGHT="53">
            <Shape><Polygon POINTS="613 387 613 400 693 408 694 408 788 401 871 408 872 409 933 409 933 408 934 408 935 408 935 407 942 401 961 408 962 408 963 409 1044 409 1044 408 1045 408 1056 402 1078 408 1079 408 1081 408 1082 408 1102 401 1190 408 1191 408 1241 401 1279 408 1280 408 1281 408 1282 408 1295 401 1333 401 1357 408 1358 408 1359 408 1360 408 1361 408 1370 401 1370 387 1368 358 885 363 881 362 876 357 874 357 873 357 872 357 871 357 854 362 847 363 843 362 830 356 828 356 827 356 777 362 775 362 762 356 760 356 759 356 758 356 743 362 741 363 737 362 714 356 713 356 622 356 621 356 620 356 619 356 613 360 613 387"/></Shape>
	    <String CONTENT="nous produiſent les querelles, deſord ies, pertes, change"
                    HPOS="613"
                    VPOS="356"
                    WIDTH="757"
                    HEIGHT="53"
                    WC="0.9956215337703103"></String>
          </TextLine>
          <TextLine ID="line_8"
                    TAGREFS="LT8"
                    BASELINE="613 425 1370 425" 
                    HPOS="613"
                    VPOS="396"
                    WIDTH="757"
                    HEIGHT="50">
            <Shape><Polygon POINTS="613 425 613 438 661 445 663 445 689 439 696 445 697 445 698 445 699 446 819 446 819 445 820 445 822 445 828 439 855 445 856 445 857 445 876 439 911 445 912 445 914 445 934 439 994 445 995 445 997 445 1020 439 1043 445 1044 445 1045 446 1151 446 1151 445 1152 445 1153 445 1160 439 1323 445 1325 445 1370 438 1370 425 1370 403 1321 396 1320 396 1319 396 1295 402 1289 403 1282 402 1252 396 1251 396 1250 396 1249 396 1239 402 1236 402 1205 396 1204 396 1173 401 1161 403 1152 401 1132 396 1131 396 1092 396 1091 396 1090 396 1089 396 1083 401 1078 403 613 399 613 425"/></Shape>
	    <String CONTENT="mens &amp; par fois la ruine aux eſtats: les differens &amp; peti¬"
                    HPOS="613"
                    VPOS="396"
                    WIDTH="757"
                    HEIGHT="50"
                    WC="0.9784126189248316"></String>
          </TextLine>
          <TextLine ID="line_9"
                    TAGREFS="LT8"
                    BASELINE="612 464 1367 461" 
                    HPOS="611"
                    VPOS="431"
                    WIDTH="756"
                    HEIGHT="52">
            <Shape><Polygon POINTS="612 464 612 483 1366 475 1367 461 1365 431 1332 431 1330 431 1329 431 1328 431 1320 439 1262 439 1254 432 1253 432 1252 432 1251 432 1193 438 1183 432 1182 431 1181 431 1180 431 1178 431 1166 432 1113 440 1000 440 994 433 993 433 993 432 992 432 991 432 990 432 988 432 984 434 972 439 959 434 952 432 950 432 949 432 937 434 912 439 885 434 873 433 830 433 828 433 827 433 826 433 824 436 817 440 787 436 767 433 766 433 765 433 756 436 743 440 734 437 727 433 726 433 725 433 611 437 612 464"/></Shape>
	    <String CONTENT="tes riotes qui eſtoiẽt à la ſuite de ce Prince viuant: luy"
                    HPOS="611"
                    VPOS="431"
                    WIDTH="756"
                    HEIGHT="52"
                    WC="0.9946108927329381"></String>
          </TextLine>
          <TextLine ID="line_10"
                    TAGREFS="LT8"
                    BASELINE="610 501 1370 499" 
                    HPOS="609"
                    VPOS="474"
                    WIDTH="761"
                    HEIGHT="42">
            <Shape><Polygon POINTS="610 501 610 515 1367 516 1370 499 1367 476 609 474 610 501"/></Shape>
	    <String CONTENT="mort &amp; ne laiſſant pour heritier à la couronne que qua"
                    HPOS="609"
                    VPOS="474"
                    WIDTH="761"
                    HEIGHT="42"
                    WC="0.9801041917367415"></String>
          </TextLine>
          <TextLine ID="line_11"
                    TAGREFS="LT8"
                    BASELINE="612 539 1371 537" 
                    HPOS="611"
                    VPOS="507"
                    WIDTH="760"
                    HEIGHT="52">
            <Shape><Polygon POINTS="612 539 612 553 950 559 952 559 1044 556 1151 553 1180 556 1188 558 1189 558 1190 558 1192 556 1204 552 1319 558 1326 558 1327 558 1328 558 1329 558 1337 552 1368 558 1371 537 1370 513 1361 507 1360 507 1359 507 1358 507 1357 507 1333 513 1169 507 1168 507 1121 513 1093 507 1092 507 1053 513 1045 507 1044 507 1043 507 1041 507 1040 507 1016 513 1002 507 1001 507 1000 507 962 514 655 508 653 508 652 508 637 514 629 508 628 508 627 508 626 508 625 508 611 514 612 539"/></Shape>
	    <String CONTENT="tre ieunes princes, l’aiſné deſquels n’eſtoit en aage de"
                    HPOS="611"
                    VPOS="507"
                    WIDTH="760"
                    HEIGHT="52"
                    WC="0.9741009818880182"></String>
          </TextLine>
          <TextLine ID="line_12"
                    TAGREFS="LT8"
                    BASELINE="611 578 1367 575" 
                    HPOS="610"
                    VPOS="547"
                    WIDTH="757"
                    HEIGHT="52">
            <Shape><Polygon POINTS="611 578 611 591 769 591 774 591 827 599 828 599 830 599 853 591 855 591 856 591 879 598 880 598 881 598 1366 590 1367 575 1364 549 969 553 968 553 954 547 953 547 952 547 950 547 949 547 949 548 944 553 944 554 881 554 881 553 868 547 866 547 865 547 864 547 863 547 855 553 810 548 809 548 769 554 763 549 763 548 762 548 760 548 632 548 630 548 629 548 610 555 611 578"/></Shape>
	    <String CONTENT="commander: peu à peu ſe cõuertirent en haynes ſi cou¬"
                    HPOS="610"
                    VPOS="547"
                    WIDTH="757"
                    HEIGHT="52"
                    WC="0.985927280512723"></String>
          </TextLine>
          <TextLine ID="line_13"
                    TAGREFS="LT8"
                    BASELINE="609 616 1370 613" 
                    HPOS="607"
                    VPOS="586"
                    WIDTH="763"
                    HEIGHT="47">
            <Shape><Polygon POINTS="609 616 609 629 1114 633 1115 633 1368 625 1370 613 1366 586 607 589 609 616"/></Shape>
	    <String CONTENT="uertes &amp; dangereuſes: que la memoire n’en eſt moins"
                    HPOS="607"
                    VPOS="586"
                    WIDTH="763"
                    HEIGHT="47"
                    WC="0.999545651323655"></String>
          </TextLine>
          <TextLine ID="line_14"
                    TAGREFS="LT8"
                    BASELINE="606 653 1371 653" 
                    HPOS="606"
                    VPOS="623"
                    WIDTH="765"
                    HEIGHT="51">
            <Shape><Polygon POINTS="606 653 606 667 1051 674 1052 674 1096 667 1097 667 1110 674 1112 674 1113 674 1157 668 1188 674 1189 674 1258 667 1348 673 1349 673 1350 673 1371 666 1371 653 1370 623 606 623 606 653"/></Shape>
	    <String CONTENT="fraiſche, quelle ſeroit deſplaiſante à pluſieurs, ſi tous bõs"
                    HPOS="606"
                    VPOS="623"
                    WIDTH="765"
                    HEIGHT="51"
                    WC="0.9932075228009906"></String>
          </TextLine>
          <TextLine ID="line_15"
                    TAGREFS="LT8"
                    BASELINE="606 691 1151 693 1368 688" 
                    HPOS="606"
                    VPOS="660"
                    WIDTH="762"
                    HEIGHT="44">
            <Shape><Polygon POINTS="606 691 606 704 1367 704 1368 688 1365 661 1106 666 1060 663 1013 660 1011 660 977 663 955 666 934 663 899 660 897 660 866 665 856 666 851 665 839 660 838 660 836 660 835 660 820 665 816 666 808 665 777 660 775 660 774 660 758 666 757 666 756 666 744 660 743 660 637 660 636 660 606 666 606 691"/></Shape>
	    <String CONTENT="eſprits &amp; les deſcendans meſmes des auteurs de ces que"
                    HPOS="606"
                    VPOS="660"
                    WIDTH="762"
                    HEIGHT="44"
                    WC="0.9968565967347887"></String>
          </TextLine>
          <TextLine ID="line_16"
                    TAGREFS="LT8"
                    BASELINE="606 731 1368 727" 
                    HPOS="605"
                    VPOS="696"
                    WIDTH="763"
                    HEIGHT="55">
            <Shape><Polygon POINTS="606 731 606 744 741 743 742 743 758 751 759 751 760 751 795 743 801 742 804 743 817 747 818 747 819 747 853 743 862 750 863 750 864 750 865 750 910 743 985 750 986 750 1022 749 1023 749 1024 749 1033 742 1043 749 1044 749 1045 749 1046 749 1047 749 1048 749 1056 743 1110 749 1112 749 1212 747 1213 747 1224 742 1304 747 1305 747 1306 747 1307 747 1315 740 1335 746 1336 746 1337 746 1338 746 1368 737 1368 727 1365 698 1078 702 1055 698 1044 696 1043 696 1029 698 1005 702 998 698 995 696 994 696 993 696 992 696 973 698 935 704 922 698 921 698 919 698 918 698 909 698 838 702 816 698 807 697 805 697 796 698 765 705 605 699 606 731"/></Shape>
	    <String CONTENT="relles: n’auoient eſpoir aſſuré de ſe rẽdre plus ſages que"
                    HPOS="605"
                    VPOS="696"
                    WIDTH="763"
                    HEIGHT="55"
                    WC="0.9739415248235067"></String>
          </TextLine>
          <TextLine ID="line_17"
                    TAGREFS="LT8"
                    BASELINE="605 768 1367 765" 
                    HPOS="604"
                    VPOS="732"
                    WIDTH="763"
                    HEIGHT="56">
            <Shape><Polygon POINTS="605 768 605 781 670 786 671 786 699 781 702 781 703 781 721 788 723 788 724 788 757 781 758 781 767 788 769 788 770 788 771 788 772 788 788 782 817 788 818 788 819 788 820 788 820 786 827 781 827 780 899 780 901 780 921 786 922 786 923 786 924 786 937 781 952 786 953 786 954 786 1029 781 1112 786 1113 786 1366 777 1367 765 1364 732 1323 734 1322 734 1307 742 1247 735 1246 735 1245 735 1244 735 1236 743 1199 743 1161 734 1158 734 1157 734 1153 734 1102 743 604 739 605 768"/></Shape>
	    <String CONTENT="leurs deuãciers en occurrences ſemblables ou peu diſſe"
                    HPOS="604"
                    VPOS="732"
                    WIDTH="763"
                    HEIGHT="56"
                    WC="0.9907169352878223"></String>
          </TextLine>
          <TextLine ID="line_18"
                    TAGREFS="LT8"
                    BASELINE="606 807 1367 803" 
                    HPOS="605"
                    VPOS="772"
                    WIDTH="762"
                    HEIGHT="55">
            <Shape><Polygon POINTS="606 807 606 821 663 820 670 821 695 827 696 827 697 827 711 821 713 820 725 821 770 824 771 824 816 820 828 819 835 820 871 826 872 826 873 826 886 819 895 826 896 826 897 826 899 827 982 827 982 826 983 826 997 818 998 818 999 818 1015 823 1016 823 1017 823 1018 823 1036 818 1037 818 1038 818 1056 824 1058 824 1059 826 1176 826 1176 824 1177 824 1208 816 1214 822 1215 822 1216 822 1218 822 1252 818 1311 823 1312 823 1367 814 1367 803 1364 772 1174 782 1031 782 1013 774 1010 773 1009 773 1008 773 995 774 925 783 887 783 877 775 877 774 876 774 874 774 873 774 862 775 812 781 801 775 797 774 796 774 795 774 794 774 790 775 775 782 746 776 740 775 739 775 737 775 734 776 710 783 702 776 701 775 699 775 698 775 697 775 605 776 606 807"/></Shape>
	    <String CONTENT="rẽtes, par la conſideratiõ de ſi eſtranges portemens.Car"
                    HPOS="605"
                    VPOS="772"
                    WIDTH="762"
                    HEIGHT="55"
                    WC="0.9885026576190159"></String>
          </TextLine>
          <TextLine ID="line_19"
                    TAGREFS="LT8"
                    BASELINE="606 843 1166 845 1365 839" 
                    HPOS="606"
                    VPOS="812"
                    WIDTH="759"
                    HEIGHT="44">
            <Shape><Polygon POINTS="606 843 606 856 1364 856 1365 839 1363 818 1243 812 1242 812 1241 812 1239 812 1231 818 1214 812 1213 812 1212 812 1211 812 1209 812 1200 818 1198 819 1186 818 1145 813 1144 813 1143 813 1142 813 1142 814 1137 818 1136 820 1022 820 1020 819 998 812 997 812 995 812 994 812 993 812 985 819 984 819 973 819 854 813 853 813 851 813 841 819 834 813 833 813 832 813 831 813 830 813 816 819 788 812 787 812 786 812 737 819 704 812 703 812 702 812 701 812 694 819 675 813 674 813 673 813 672 813 655 819 617 812 615 812 614 812 613 812 606 816 606 843"/></Shape>
	    <String CONTENT="cõme l’aage meur &amp; natutelle bonté de ce Prince autho"
                    HPOS="606"
                    VPOS="812"
                    WIDTH="759"
                    HEIGHT="44"
                    WC="0.9932669325308366"></String>
          </TextLine>
          <TextLine ID="line_20"
                    TAGREFS="LT8"
                    BASELINE="607 883 1366 879" 
                    HPOS="606"
                    VPOS="847"
                    WIDTH="760"
                    HEIGHT="49">
            <Shape><Polygon POINTS="607 883 607 896 1365 891 1366 879 1361 849 1340 854 1305 849 1292 847 1291 847 1290 847 1284 850 1272 854 1261 850 1258 849 1257 849 1256 849 1241 850 1206 854 1201 851 1199 849 1198 849 1197 849 1196 849 1195 849 1185 851 1166 857 1062 857 1054 853 1046 850 1045 850 1044 850 1021 853 1007 856 1001 853 988 849 987 849 986 849 985 849 973 854 968 857 956 854 938 851 937 851 935 851 918 856 911 857 910 856 903 850 902 850 901 850 863 850 862 850 861 850 860 850 860 851 854 856 853 857 848 857 808 850 807 850 764 857 696 851 695 851 694 851 693 851 681 858 630 851 629 851 628 851 606 859 607 883"/></Shape>
	    <String CONTENT="riſee par la grandeur de ſon eſtat, entretenu iuſques à"
                    HPOS="606"
                    VPOS="847"
                    WIDTH="760"
                    HEIGHT="49"
                    WC="0.9871233542050634"></String>
          </TextLine>
          <TextLine ID="line_21"
                    TAGREFS="LT8"
                    BASELINE="604 919 1173 921 1367 915" 
                    HPOS="604"
                    VPOS="887"
                    WIDTH="763"
                    HEIGHT="50">
            <Shape><Polygon POINTS="604 919 604 931 689 931 697 937 698 937 699 937 701 937 702 937 726 931 749 937 750 937 751 937 1366 930 1367 915 1364 887 1219 893 1181 887 1180 887 1178 887 1177 887 1168 893 1125 887 1124 887 1123 887 1122 887 1115 893 1030 893 1010 887 1009 887 1008 887 975 893 934 887 933 887 888 895 775 895 740 887 739 887 678 893 604 887 604 919"/></Shape>
	    <String CONTENT="lors en toute reputatiõ par l’honorable memoire de ſes"
                    HPOS="604"
                    VPOS="887"
                    WIDTH="763"
                    HEIGHT="50"
                    WC="0.9822120211341164"></String>
          </TextLine>
          <TextLine ID="line_22"
                    TAGREFS="LT8"
                    BASELINE="609 957 1089 960 1364 953" 
                    HPOS="607"
                    VPOS="925"
                    WIDTH="757"
                    HEIGHT="52">
            <Shape><Polygon POINTS="609 957 609 969 635 976 636 976 637 976 657 969 659 969 665 969 717 976 718 976 719 976 734 971 771 976 772 976 773 976 789 969 790 969 795 969 843 976 845 976 889 969 893 969 894 969 915 976 916 976 917 977 1134 977 1134 976 1135 976 1148 969 1155 976 1157 976 1158 976 1159 977 1235 977 1235 976 1236 976 1258 969 1363 969 1364 953 1361 926 1258 925 1257 925 1256 925 1254 925 1253 926 1244 931 1186 926 1172 925 1170 925 1169 925 1168 925 1167 926 1159 933 1090 933 1079 926 1078 925 1077 925 1076 925 1075 925 1074 925 1069 926 1053 933 914 933 906 927 903 925 902 925 901 925 900 925 899 925 893 927 880 931 822 927 789 925 788 925 787 925 786 925 782 927 778 930 754 927 735 925 734 925 719 927 697 931 676 927 663 925 661 925 607 927 609 957"/></Shape>
	    <String CONTENT="vertueux portemẽs &amp; des Roys ſes deuãciers: euſt amor"
                    HPOS="607"
                    VPOS="925"
                    WIDTH="757"
                    HEIGHT="52"
                    WC="0.9792799440297213"></String>
          </TextLine>
          <TextLine ID="line_23"
                    TAGREFS="LT8"
                    BASELINE="607 996 1125 998 1365 991" 
                    HPOS="606"
                    VPOS="964"
                    WIDTH="759"
                    HEIGHT="48">
            <Shape><Polygon POINTS="607 996 607 1012 1364 1012 1365 991 1363 964 1253 964 1252 964 1251 964 1250 964 1241 972 1152 972 1143 965 1142 965 1140 965 1139 965 1138 965 1137 965 1137 966 1131 972 1072 972 1066 966 1064 965 1063 965 1062 965 1061 965 1060 965 1056 966 1043 971 1030 966 1023 964 1022 964 1021 964 1020 964 1010 966 994 972 967 972 962 967 959 964 957 964 956 964 895 964 894 964 893 964 881 967 872 972 822 972 816 968 807 964 805 964 804 964 778 968 764 971 750 968 725 965 724 965 723 965 705 969 699 971 695 969 679 964 678 964 676 964 606 969 607 996"/></Shape>
	    <String CONTENT="ty, du moins empeſché les effects de leurs paſſiõs: tous"
                    HPOS="606"
                    VPOS="964"
                    WIDTH="759"
                    HEIGHT="48"
                    WC="0.9845088535341723"></String>
          </TextLine>
          <TextLine ID="line_24"
                    TAGREFS="LT8"
                    BASELINE="609 1034 1152 1036 1365 1028" 
                    HPOS="607"
                    VPOS="1002"
                    WIDTH="758"
                    HEIGHT="51">
            <Shape><Polygon POINTS="609 1034 609 1047 1274 1053 1275 1053 1276 1053 1291 1045 1292 1045 1364 1045 1365 1028 1361 1003 1041 1010 1028 1005 1016 1002 1015 1002 953 1002 952 1002 950 1002 939 1006 930 1011 893 1011 886 1006 877 1002 876 1002 874 1002 873 1002 857 1007 849 1010 841 1007 827 1002 826 1002 825 1002 788 1007 780 1009 772 1007 734 1002 733 1002 666 1007 651 1002 650 1002 649 1002 607 1009 609 1034"/></Shape>
	    <String CONTENT="enhardis par vn deces ſi eſtrãge, &amp; ne craignãs rien de"
                    HPOS="607"
                    VPOS="1002"
                    WIDTH="758"
                    HEIGHT="51"
                    WC="0.9932351697955215"></String>
          </TextLine>
          <TextLine ID="line_25"
                    TAGREFS="LT8"
                    BASELINE="611 1071 1100 1074 1364 1066" 
                    HPOS="611"
                    VPOS="1040"
                    WIDTH="753"
                    HEIGHT="50">
            <Shape><Polygon POINTS="611 1083 670 1083 672 1083 687 1090 688 1090 689 1090 798 1084 826 1090 827 1090 828 1090 849 1083 851 1083 883 1083 1204 1090 1205 1090 1206 1090 1226 1083 1252 1090 1253 1090 1254 1090 1256 1090 1257 1090 1257 1089 1264 1083 1363 1083 1364 1066 1361 1040 1288 1040 1287 1040 1285 1040 1266 1048 1155 1041 1154 1041 1153 1041 1131 1049 1009 1049 967 1040 965 1040 901 1045 864 1040 863 1040 862 1040 833 1048 774 1040 773 1040 772 1040 744 1048 698 1040 697 1040 696 1040 695 1040 685 1047 679 1042 678 1042 676 1042 611 1040 611 1071 611 1083"/></Shape>
	    <String CONTENT="l’auenir: prindrent l’accidẽt pour vn tẽps propreà main"
                    HPOS="611"
                    VPOS="1040"
                    WIDTH="753"
                    HEIGHT="50"
                    WC="0.9903110070475216"></String>
          </TextLine>
          <TextLine ID="line_26"
                    TAGREFS="LT8"
                    BASELINE="610 1111 1366 1105" 
                    HPOS="609"
                    VPOS="1080"
                    WIDTH="757"
                    HEIGHT="52">
            <Shape><Polygon POINTS="610 1111 610 1125 724 1125 750 1132 751 1132 752 1132 754 1132 777 1122 778 1122 788 1130 789 1130 790 1130 792 1130 827 1122 830 1122 832 1122 879 1130 880 1130 881 1130 912 1121 915 1121 916 1121 924 1127 925 1127 926 1127 927 1127 967 1122 986 1129 987 1129 988 1129 1024 1124 1062 1129 1063 1129 1365 1118 1366 1105 1363 1080 609 1084 610 1111"/></Shape>
	    <String CONTENT="tenir ce qui plus leur ſembloit importer à l’honneur &amp;"
                    HPOS="609"
                    VPOS="1080"
                    WIDTH="757"
                    HEIGHT="52"
                    WC="0.9932782357389277"></String>
          </TextLine>
          <TextLine ID="line_27"
                    TAGREFS="LT8"
                    BASELINE="611 1149 1180 1149 1366 1143" 
                    HPOS="610"
                    VPOS="1114"
                    WIDTH="756"
                    HEIGHT="52">
            <Shape><Polygon POINTS="611 1149 611 1160 986 1166 987 1166 1365 1158 1366 1143 1364 1114 1253 1114 1252 1114 1251 1114 1246 1116 1219 1124 1192 1118 1191 1118 1190 1118 1168 1125 1039 1125 1026 1119 1016 1114 1015 1114 1014 1114 1013 1114 1003 1119 992 1125 978 1119 977 1119 976 1119 975 1119 973 1119 972 1119 960 1126 883 1126 874 1120 868 1116 866 1116 865 1116 864 1116 815 1121 794 1124 789 1121 778 1117 777 1117 775 1117 749 1121 667 1116 666 1116 610 1124 611 1149"/></Shape>
	    <String CONTENT="auancement de leur particulier: non moins diſoyét ils,"
                    HPOS="610"
                    VPOS="1114"
                    WIDTH="756"
                    HEIGHT="52"
                    WC="0.9968790921297941"></String>
          </TextLine>
          <TextLine ID="line_28"
                    TAGREFS="LT8"
                    BASELINE="609 1185 1112 1188 1366 1180" 
                    HPOS="609"
                    VPOS="1154"
                    WIDTH="757"
                    HEIGHT="54">
            <Shape><Polygon POINTS="609 1198 627 1205 628 1205 629 1205 680 1198 685 1198 687 1198 714 1206 716 1206 717 1206 763 1198 767 1198 772 1198 833 1206 834 1208 908 1208 908 1206 909 1206 910 1206 916 1201 934 1206 935 1206 937 1206 992 1201 1001 1206 1002 1206 1003 1206 1005 1206 1036 1201 1043 1206 1044 1206 1045 1206 1046 1208 1167 1208 1167 1206 1168 1206 1184 1200 1281 1206 1282 1206 1283 1206 1284 1206 1295 1198 1366 1198 1366 1180 1363 1154 1276 1160 1245 1154 1242 1154 1241 1154 1239 1154 1238 1154 1227 1160 1131 1155 1105 1154 1104 1154 1096 1155 1071 1160 1018 1156 1005 1155 1003 1155 1002 1155 1000 1156 990 1160 984 1156 983 1155 982 1155 980 1155 979 1155 978 1155 975 1156 963 1160 950 1156 946 1155 945 1155 944 1155 942 1155 941 1155 941 1156 940 1156 935 1162 880 1162 876 1157 873 1155 873 1154 872 1154 871 1154 870 1154 869 1154 862 1157 855 1160 826 1157 795 1154 794 1154 752 1158 723 1160 712 1158 696 1154 695 1154 694 1154 693 1154 681 1158 675 1160 609 1159 609 1185 609 1198"/></Shape>
	    <String CONTENT="que du proffit &amp; ſeureté de tout l’eſtat de ce Royaume."
                    HPOS="609"
                    VPOS="1154"
                    WIDTH="757"
                    HEIGHT="54"
                    WC="0.9937803468533924"></String>
          </TextLine>
          <TextLine ID="line_29"
                    TAGREFS="LT8"
                    BASELINE="610 1223 1129 1226 1364 1218" 
                    HPOS="610"
                    VPOS="1191"
                    WIDTH="754"
                    HEIGHT="52">
            <Shape><Polygon POINTS="610 1235 1142 1243 1143 1243 1144 1243 1170 1235 1262 1235 1276 1235 1300 1243 1302 1243 1303 1243 1304 1243 1305 1243 1318 1235 1363 1234 1364 1218 1361 1191 1306 1191 1305 1191 1304 1191 1303 1191 1290 1200 1218 1191 1216 1191 1215 1191 1214 1191 1214 1193 1205 1200 1144 1194 1143 1194 1142 1194 1129 1201 1018 1201 999 1193 998 1193 997 1193 833 1198 812 1193 811 1193 810 1193 809 1193 787 1200 699 1194 698 1194 697 1194 696 1194 689 1198 682 1193 682 1191 681 1191 680 1191 610 1191 610 1223 610 1235"/></Shape>
	    <String CONTENT="Ce fut en vn mot le gouuernement, du deſir duquel rai"
                    HPOS="610"
                    VPOS="1191"
                    WIDTH="754"
                    HEIGHT="52"
                    WC="0.9968898172648448"></String>
          </TextLine>
          <TextLine ID="line_30"
                    TAGREFS="LT8"
                    BASELINE="609 1263 1182 1263 1364 1255" 
                    HPOS="609"
                    VPOS="1227"
                    WIDTH="755"
                    HEIGHT="53">
            <Shape><Polygon POINTS="609 1280 1363 1272 1364 1255 1360 1227 1175 1237 1152 1232 1151 1232 1150 1232 1148 1232 1147 1232 1138 1239 1002 1239 964 1229 963 1229 962 1229 961 1229 950 1239 862 1239 834 1232 833 1232 832 1232 793 1236 782 1229 781 1229 780 1229 609 1229 609 1263 609 1280"/></Shape>
	    <String CONTENT="ſonnable ou non ie n’en diray mon auis: tant de grands"
                    HPOS="609"
                    VPOS="1227"
                    WIDTH="755"
                    HEIGHT="53"
                    WC="0.981377970289301"></String>
          </TextLine>
          <TextLine ID="line_31"
                    TAGREFS="LT8"
                    BASELINE="607 1300 1138 1302 1364 1293" 
                    HPOS="607"
                    VPOS="1266"
                    WIDTH="757"
                    HEIGHT="52">
            <Shape><Polygon POINTS="607 1312 1036 1318 1037 1318 1363 1310 1364 1293 1360 1266 1300 1273 607 1273 607 1300 607 1312"/></Shape>
	    <String CONTENT="tant de petis &amp; moiens ruiſſeaux de toutes larmes, ſout"
                    HPOS="607"
                    VPOS="1266"
                    WIDTH="757"
                    HEIGHT="52"
                    WC="0.9918848286975513"></String>
          </TextLine>
          <TextLine ID="line_32"
                    TAGREFS="LT8"
                    BASELINE="607 1336 1136 1340 1363 1331" 
                    HPOS="607"
                    VPOS="1305"
                    WIDTH="756"
                    HEIGHT="51">
            <Shape><Polygon POINTS="607 1348 625 1355 626 1355 627 1355 628 1355 647 1348 649 1348 651 1348 681 1355 682 1355 720 1348 724 1348 731 1348 797 1354 798 1354 800 1354 815 1348 816 1348 833 1355 834 1355 835 1355 836 1355 838 1355 845 1349 885 1355 886 1356 1236 1356 1236 1355 1361 1347 1363 1331 1361 1312 1356 1307 1356 1305 1355 1305 1353 1305 1352 1305 1001 1309 793 1311 766 1307 757 1305 756 1305 747 1307 714 1311 676 1305 672 1305 671 1305 670 1305 668 1305 648 1311 607 1305 607 1336 607 1348"/></Shape>
	    <String CONTENT="comme d&#x27;vne eternelle fontaine ſi pitoyablement de¬"
                    HPOS="607"
                    VPOS="1305"
                    WIDTH="756"
                    HEIGHT="51"
                    WC="0.9980914020070842"></String>
          </TextLine>
          <TextLine ID="line_33"
                    TAGREFS="LT8"
                    BASELINE="607 1376 1123 1378 1363 1369" 
                    HPOS="606"
                    VPOS="1340"
                    WIDTH="757"
                    HEIGHT="56">
            <Shape><Polygon POINTS="607 1376 607 1389 946 1396 947 1396 948 1396 967 1389 982 1395 983 1395 984 1396 1122 1396 1122 1395 1123 1395 1146 1389 1206 1395 1207 1395 1361 1386 1363 1369 1359 1340 1188 1351 1110 1351 1100 1344 1099 1344 1098 1344 1097 1344 1068 1350 1046 1343 1044 1343 1043 1343 1041 1343 1040 1343 1039 1343 1029 1350 953 1346 952 1346 918 1351 904 1346 901 1344 900 1344 899 1344 897 1344 891 1346 870 1351 860 1347 853 1343 851 1343 850 1343 849 1343 848 1343 843 1347 839 1350 828 1347 818 1343 817 1343 816 1343 815 1343 813 1343 809 1347 802 1351 793 1348 780 1342 779 1342 709 1342 708 1342 706 1342 705 1342 695 1349 694 1349 693 1349 672 1342 671 1342 670 1342 668 1342 651 1349 649 1350 645 1349 623 1343 622 1343 621 1343 620 1343 606 1349 607 1376"/></Shape>
	    <String CONTENT="coulez par toute la France:que le ſurcroiſt de leur viue"
                    HPOS="606"
                    VPOS="1340"
                    WIDTH="757"
                    HEIGHT="56"
                    WC="0.9884240893380982"></String>
          </TextLine>
          <TextLine ID="line_34"
                    TAGREFS="LT8"
                    BASELINE="606 1416 1181 1415 1364 1405" 
                    HPOS="605"
                    VPOS="1379"
                    WIDTH="759"
                    HEIGHT="54">
            <Shape><Polygon POINTS="606 1416 606 1427 741 1433 742 1433 853 1426 858 1426 861 1426 906 1432 907 1432 908 1432 931 1426 953 1432 954 1432 955 1432 985 1426 1082 1431 1083 1431 1084 1431 1096 1425 1138 1431 1139 1431 1363 1422 1364 1405 1361 1379 1318 1379 1317 1379 1315 1379 1314 1379 1304 1386 1264 1380 1262 1380 1261 1380 1244 1388 1169 1388 1147 1380 1146 1380 1145 1380 1144 1380 1123 1389 956 1389 880 1382 879 1382 878 1382 858 1389 836 1384 835 1384 834 1384 833 1384 832 1384 825 1389 817 1382 816 1382 815 1382 813 1382 717 1391 605 1384 606 1416"/></Shape>
	    <String CONTENT="ſource, ne s’en eſt fait voir moins euident, qu’inconue"
                    HPOS="605"
                    VPOS="1379"
                    WIDTH="759"
                    HEIGHT="54"
                    WC="0.9952892975373702"></String>
          </TextLine>
          <TextLine ID="line_35"
                    TAGREFS="LT8"
                    BASELINE="607 1452 1129 1454 1365 1443" 
                    HPOS="607"
                    VPOS="1417"
                    WIDTH="758"
                    HEIGHT="54">
            <Shape><Polygon POINTS="607 1465 907 1471 908 1471 959 1464 965 1463 969 1464 991 1470 992 1470 993 1471 1135 1471 1135 1470 1180 1463 1191 1470 1192 1470 1193 1470 1195 1470 1196 1470 1215 1462 1216 1462 1218 1462 1226 1468 1227 1468 1228 1468 1229 1468 1365 1461 1365 1443 1361 1417 1295 1423 1277 1417 1276 1417 1275 1417 1274 1417 1273 1417 1265 1424 1189 1419 1188 1419 1186 1419 1185 1419 1175 1426 1059 1426 1052 1419 1051 1419 1049 1419 1048 1419 1047 1419 1024 1425 990 1418 988 1418 942 1425 919 1418 918 1418 917 1418 916 1418 900 1426 652 1419 651 1419 650 1419 635 1426 609 1419 607 1452 607 1465"/></Shape>
	    <String CONTENT="la matiere, ſur laquelle ſe pourra tarir le douloureux"
                    HPOS="607"
                    VPOS="1417"
                    WIDTH="758"
                    HEIGHT="54"
                    WC="0.9943188539257756"></String>
          </TextLine>
          <TextLine ID="line_36"
                    TAGREFS="LT8"
                    BASELINE="606 1489 1143 1492 1357 1480" 
                    HPOS="606"
                    VPOS="1456"
                    WIDTH="751"
                    HEIGHT="52">
            <Shape><Polygon POINTS="606 1501 1223 1508 1224 1508 1226 1508 1245 1499 1247 1499 1294 1506 1295 1506 1296 1506 1310 1499 1311 1499 1356 1499 1357 1480 1353 1456 1271 1463 1254 1456 1253 1456 1252 1456 1251 1456 1220 1465 1200 1460 1199 1460 1198 1460 1130 1465 1037 1458 1036 1458 1035 1458 1033 1458 1023 1466 955 1466 930 1457 929 1457 927 1457 926 1457 885 1466 787 1458 667 1458 666 1458 665 1458 650 1464 606 1458 606 1489 606 1501"/></Shape>
	    <String CONTENT="coulant de ſi eſtrange humeur. Trois perſonnes y aſpi"
                    HPOS="606"
                    VPOS="1456"
                    WIDTH="751"
                    HEIGHT="52"
                    WC="0.989648182437105"></String>
          </TextLine>
          <TextLine ID="line_37"
                    TAGREFS="LT8"
                    BASELINE="607 1527 1122 1530 1364 1518" 
                    HPOS="607"
                    VPOS="1493"
                    WIDTH="757"
                    HEIGHT="55">
            <Shape><Polygon POINTS="607 1540 630 1546 632 1546 711 1540 714 1540 724 1547 724 1548 725 1548 726 1548 727 1548 773 1540 784 1548 785 1548 786 1548 787 1548 917 1540 934 1547 935 1547 937 1548 1068 1548 1068 1547 1363 1535 1364 1518 1360 1493 1256 1499 1239 1494 1238 1494 1237 1494 1236 1494 1235 1494 1224 1501 1096 1496 1094 1496 1093 1496 1068 1502 607 1498 607 1527 607 1540"/></Shape>
	    <String CONTENT="roiẽt &amp; par trois diuers moiens. Cat herine de Medecis"
                    HPOS="607"
                    VPOS="1493"
                    WIDTH="757"
                    HEIGHT="55"
                    WC="0.9881622769615866"></String>
          </TextLine>
          <TextLine ID="line_38"
                    TAGREFS="LT8"
                    BASELINE="604 1568 1116 1568 1363 1556" 
                    HPOS="604"
                    VPOS="1529"
                    WIDTH="759"
                    HEIGHT="59">
            <Shape><Polygon POINTS="604 1579 670 1588 671 1588 672 1588 673 1588 683 1580 741 1585 742 1585 782 1579 832 1587 833 1587 834 1587 864 1578 880 1586 881 1586 883 1586 884 1586 914 1579 961 1586 962 1586 1026 1578 1038 1585 1039 1585 1040 1585 1041 1585 1043 1585 1061 1578 1096 1585 1097 1585 1226 1579 1250 1584 1251 1584 1252 1584 1275 1575 1276 1575 1363 1575 1363 1556 1360 1529 1292 1529 1291 1529 1290 1529 1289 1529 1250 1539 1180 1532 1178 1532 1177 1532 1162 1540 1061 1540 1031 1532 1030 1532 1029 1532 1028 1532 1010 1541 940 1541 931 1534 931 1533 930 1533 929 1533 927 1533 926 1533 925 1533 912 1541 860 1537 858 1537 857 1537 856 1537 850 1542 832 1534 831 1534 830 1534 795 1540 775 1535 774 1535 773 1535 772 1535 771 1535 764 1542 744 1537 743 1537 742 1537 741 1537 740 1537 733 1542 604 1534 604 1568 604 1579"/></Shape>
	    <String CONTENT="Royne mere, Henry de Bourbõ roy de Nauarre, &amp; Fra"
                    HPOS="604"
                    VPOS="1529"
                    WIDTH="759"
                    HEIGHT="59"
                    WC="0.996535427570343"></String>
          </TextLine>
          <TextLine ID="eSc_line_891b4a71"
                    TAGREFS="LT8"
                    BASELINE="611 1601 1145 1606 1361 1593" 
                    HPOS="608"
                    VPOS="1565"
                    WIDTH="751"
                    HEIGHT="57">
            <Shape><Polygon POINTS="609 1599 608 1622 1357 1613 1359 1592 1354 1565 1243 1573 609 1568 609 1599"/></Shape>
	    <String CONTENT=""
                    HPOS="608"
                    VPOS="1565"
                    WIDTH="751"
                    HEIGHT="57"></String>
          </TextLine>
          <TextLine ID="eSc_line_c7190f07"
                    TAGREFS="LT8"
                    BASELINE="604 1637 635 1642 1146 1644 1361 1631" 
                    HPOS="601"
                    VPOS="1629"
                    WIDTH="758"
                    HEIGHT="27">
            <Shape><Polygon POINTS="1344 1629 1326 1630 1309 1630 1292 1632 1274 1632 1257 1634 1240 1634 1223 1636 1205 1636 1188 1637 1171 1639 1154 1639 1136 1639 1119 1639 1102 1639 1084 1639 1067 1639 1050 1639 1033 1639 1015 1639 998 1639 981 1639 963 1639 946 1639 929 1639 912 1639 894 1639 877 1639 860 1639 843 1639 825 1639 808 1639 791 1639 773 1639 756 1639 739 1639 722 1639 704 1639 687 1639 670 1639 653 1639 635 1639 618 1636 601 1632 602 1636 602 1656 1357 1651 1359 1630 1357 1629 1344 1629"/></Shape>
	    <String CONTENT=""
                    HPOS="601"
                    VPOS="1629"
                    WIDTH="758"
                    HEIGHT="27"></String>
          </TextLine>
          <TextLine ID="line_41"
                    TAGREFS="LT8"
                    BASELINE="610 1678 1129 1682 1262 1678 1363 1668" 
                    HPOS="609"
                    VPOS="1646"
                    WIDTH="754"
                    HEIGHT="52">
            <Shape><Polygon POINTS="610 1678 609 1692 1153 1698 1154 1698 1361 1690 1363 1668 1360 1646 1287 1646 1285 1646 1284 1646 1283 1646 1283 1647 1277 1652 1241 1647 1233 1646 1231 1646 1226 1647 1192 1654 1167 1648 1166 1648 1165 1648 1163 1648 1162 1648 1154 1655 1097 1655 1083 1648 1079 1647 1078 1647 1077 1647 1076 1647 1075 1647 1074 1648 1063 1654 1014 1649 1001 1648 1000 1648 987 1649 948 1654 941 1649 938 1647 937 1647 935 1647 934 1647 933 1647 932 1647 927 1651 923 1653 910 1651 899 1648 897 1648 861 1651 815 1654 811 1652 805 1647 805 1646 804 1646 803 1646 802 1646 743 1647 742 1647 741 1647 741 1648 736 1652 734 1655 701 1655 698 1653 691 1647 691 1646 690 1646 689 1646 688 1646 687 1646 665 1653 659 1654 610 1654 610 1678"/></Shape>
	    <String CONTENT="me fin, auſſi furent ils fort diuerſement conduits &amp; ma"
                    HPOS="609"
                    VPOS="1646"
                    WIDTH="754"
                    HEIGHT="52"
                    WC="0.9995336467569524"></String>
          </TextLine>
          <TextLine ID="line_42"
                    TAGREFS="LT8"
                    BASELINE="603 1717 1152 1720 1361 1706" 
                    HPOS="603"
                    VPOS="1684"
                    WIDTH="758"
                    HEIGHT="55">
            <Shape><Polygon POINTS="603 1732 661 1732 673 1739 674 1739 675 1739 676 1739 678 1739 699 1731 701 1731 704 1731 771 1739 772 1739 773 1739 793 1731 840 1739 841 1739 891 1733 1070 1738 1071 1738 1072 1738 1096 1729 1108 1737 1109 1737 1110 1737 1112 1738 1262 1738 1262 1737 1264 1737 1280 1728 1360 1726 1361 1706 1358 1684 1086 1695 1011 1689 1010 1689 1009 1689 990 1697 932 1697 896 1686 895 1686 894 1686 893 1686 873 1695 809 1687 808 1687 760 1695 739 1687 737 1687 736 1687 735 1687 734 1687 723 1695 680 1691 679 1691 678 1691 660 1697 652 1690 651 1690 650 1690 603 1687 603 1717 603 1732"/></Shape>
	    <String CONTENT="niez par les auteurs d’iceux. La Royne mere y procedat"
                    HPOS="603"
                    VPOS="1684"
                    WIDTH="758"
                    HEIGHT="55"
                    WC="0.9922810428672366"></String>
          </TextLine>
          <TextLine ID="line_43"
                    TAGREFS="LT8"
                    BASELINE="600 1755 1109 1759 1262 1754 1361 1744" 
                    HPOS="599"
                    VPOS="1722"
                    WIDTH="762"
                    HEIGHT="65">
            <Shape><Polygon POINTS="599 1781 716 1786 717 1786 718 1786 736 1779 755 1773 772 1779 787 1785 788 1785 789 1785 790 1785 807 1778 817 1775 850 1778 857 1778 858 1778 860 1778 861 1778 866 1774 871 1778 877 1783 878 1783 879 1783 880 1783 903 1777 925 1773 950 1773 959 1777 977 1786 978 1786 979 1787 1030 1787 1030 1786 1031 1786 1032 1786 1047 1776 1052 1773 1061 1776 1093 1786 1094 1786 1096 1786 1142 1778 1151 1785 1151 1786 1152 1786 1153 1786 1154 1787 1197 1787 1197 1786 1198 1786 1199 1786 1209 1778 1235 1786 1236 1786 1237 1786 1238 1786 1274 1773 1276 1773 1360 1773 1361 1744 1359 1722 1277 1722 1276 1722 1275 1722 1274 1722 1266 1729 1244 1724 1243 1724 1242 1724 1241 1724 1230 1732 1176 1724 1175 1724 1143 1730 1134 1724 1132 1724 1131 1724 1130 1724 1129 1724 1114 1732 1089 1724 1087 1724 1086 1724 1085 1724 1069 1732 1054 1725 1053 1725 1052 1725 1051 1725 1035 1733 907 1733 894 1724 893 1724 892 1724 891 1724 889 1724 888 1724 888 1725 879 1733 796 1733 786 1724 785 1723 784 1723 782 1723 781 1723 780 1723 779 1723 777 1724 770 1729 733 1725 704 1722 703 1722 702 1722 701 1722 696 1725 683 1732 663 1725 656 1723 655 1723 653 1723 642 1725 613 1732 603 1725 600 1755 599 1781"/></Shape>
	    <String CONTENT="en ſimplicité, mettoit en auant le droit de nature qui la"
                    HPOS="599"
                    VPOS="1722"
                    WIDTH="762"
                    HEIGHT="65"
                    WC="0.9820992134768387"></String>
          </TextLine>
          <TextLine ID="line_40"
                    TAGREFS="LT8"
                    BASELINE="473 1632 587 1634 635 1642 1146 1644 1361 1631" 
                    HPOS="469"
                    VPOS="1611"
                    WIDTH="890"
                    HEIGHT="50">
            <Shape><Polygon POINTS="1350 1629 1160 1639 642 1639 608 1634 596 1613 469 1611 471 1653 981 1661 1357 1649 1359 1630 1350 1629"/></Shape>
	    <String CONTENT="nernement eſtoient fort differens, bien qu’ils tendiſſent à vne mel¬"
                    HPOS="469"
                    VPOS="1611"
                    WIDTH="890"
                    HEIGHT="50"
                    WC="0.9854466673256694"></String>
          </TextLine>
        </TextBlock>
        <TextBlock HPOS="1287"
                   VPOS="1758"
                   WIDTH="81"
                   HEIGHT="41"
                   ID="eSc_textblock_42fff625"
                   TAGREFS="BT17">
          <Shape><Polygon POINTS="1287 1799 1287 1758 1344 1758 1368 1758 1368 1799"/></Shape>
          <TextLine ID="line_44"
                    TAGREFS="LT8"
                    BASELINE="1303 1784 1360 1782" 
                    HPOS="1300"
                    VPOS="1751"
                    WIDTH="61"
                    HEIGHT="66">
            <Shape><Polygon POINTS="1303 1784 1304 1817 1361 1815 1360 1782 1357 1751 1300 1761 1303 1784"/></Shape>
	    <String CONTENT="uoit"
                    HPOS="1300"
                    VPOS="1751"
                    WIDTH="61"
                    HEIGHT="66"
                    WC="0.9997768700122833"></String>
          </TextLine>
        </TextBlock>
        <TextBlock HPOS="491"
                   VPOS="155"
                   WIDTH="115"
                   HEIGHT="95"
                   ID="block_4"
                   TAGREFS="BT2523">
          <Shape><Polygon POINTS="606 155 606 250 491 250 491 155"/></Shape>
          <TextLine ID="line_0"
                    TAGREFS="LT8"
                    BASELINE="492 188 602 188" 
                    HPOS="492"
                    VPOS="140"
                    WIDTH="110"
                    HEIGHT="68">
            <Shape><Polygon POINTS="492 188 492 204 600 208 602 188 599 142 590 147 586 143 582 140 581 140 580 140 541 140 539 140 538 140 537 140 537 141 530 147 526 150 492 150 492 188"/></Shape>
	    <String CONTENT="Iuiller."
                    HPOS="492"
                    VPOS="140"
                    WIDTH="110"
                    HEIGHT="68"
                    WC="0.9998238310217857"></String>
          </TextLine>
          <TextLine ID="line_1"
                    TAGREFS="LT8"
                    BASELINE="495 231 571 235" 
                    HPOS="492"
                    VPOS="197"
                    WIDTH="80"
                    HEIGHT="71">
            <Shape><Polygon POINTS="492 258 512 266 513 266 514 268 568 268 571 235 572 210 536 200 535 200 534 200 523 202 507 205 498 197 495 231 492 258"/></Shape>
	    <String CONTENT="1559."
                    HPOS="492"
                    VPOS="197"
                    WIDTH="80"
                    HEIGHT="71"
                    WC="0.9997993588447571"></String>
          </TextLine>
        </TextBlock>
        <TextBlock HPOS="466"
                   VPOS="1578"
                   WIDTH="145"
                   HEIGHT="138"
                   ID="block_3"
                   TAGREFS="BT2523">
          <Shape><Polygon POINTS="611 1578 611 1716 466 1716 466 1578"/></Shape>
          <TextLine ID="line_39"
                    TAGREFS="LT8"
                    BASELINE="473 1600 609 1601" 
                    HPOS="471"
                    VPOS="1560"
                    WIDTH="137"
                    HEIGHT="62">
            <Shape><Polygon POINTS="471 1599 471 1617 606 1622 608 1599 606 1560 471 1570 471 1599"/></Shape>
	    <String CONTENT="Deſiraugouçois de Lorraine Duc de Guyſe. Or comme ces de ſſeins."
                    HPOS="471"
                    VPOS="1560"
                    WIDTH="137"
                    HEIGHT="62"
                    WC="0.9904343284093416"></String>
          </TextLine>
          <TextLine ID="line_45"
                    TAGREFS="LT8"
                    BASELINE="472 1663 600 1666" 
                    HPOS="470"
                    VPOS="1637"
                    WIDTH="130"
                    HEIGHT="45">
            <Shape><Polygon POINTS="472 1663 470 1677 598 1682 600 1666 597 1638 572 1644 539 1639 515 1637 514 1637 513 1637 512 1637 507 1640 506 1642 504 1641 495 1637 493 1637 492 1637 491 1637 472 1641 472 1663"/></Shape>
	    <String CONTENT="de la Fran"
                    HPOS="470"
                    VPOS="1637"
                    WIDTH="130"
                    HEIGHT="45"
                    WC="0.9828637599945068"></String>
          </TextLine>
          <TextLine ID="line_46"
                    TAGREFS="LT8"
                    BASELINE="473 1695 600 1698" 
                    HPOS="472"
                    VPOS="1670"
                    WIDTH="128"
                    HEIGHT="52">
            <Shape><Polygon POINTS="473 1695 472 1717 598 1722 600 1698 599 1676 473 1670 473 1695"/></Shape>
	    <String CONTENT="ce &amp; cõme"
                    HPOS="472"
                    VPOS="1670"
                    WIDTH="128"
                    HEIGHT="52"
                    WC="0.9980934441089631"></String>
          </TextLine>
        </TextBlock>
      </PrintSpace>
    </Page>
  </Layout>
</alto>
