2382 3368
610 138 555 108 DE FRANCE.

1584 166 55 80 16

188 226 1464 120 preſſemẽt,que ces Carabes eſtoiẽt petits eſquifs tiſ¬

188 334 1460 96 ſus d’ozier enduit,puis couuerts de cuyr creu: ordi¬

185 409 1472 99 naires du-t Serinaltis de donteps qui tidolde du la EEiaus tunn graur

185 491 1461 98 ratique, ſur les riues de la mer Oceane, ou ſur lesgrãs font vmes le

192 580 1452 97 marais de leur païs: deſquels dit il, l’hiſtoire parle ain

188 653 1469 99 ſi. Les Saxõs vſent de ces petits brigãdins cõme touſ anſi que vue

191 740 1721 116 iours diipoiez alainite pius qu’aucobat. Alm Etil plus amplemẽt

190 834 1464 97 cus Hiſter dit, que l’Hyberiote eſtoit vn long & fort

188 916 1462 92 eſtroit nauire, dõt vſoiẽt les Ircaniẽs: venue des Hy¬

190 1002 1465 85 beres de Scythie. Les autheurs Romains ne teſmoi¬

191 1083 1469 98 gnẽt il pas, que Gaulus eſtoitvne ſorte de nauire rõd retoiGa. Pa¬

198 1165 1446 107 que les Gaulois nõbroient entre les grãds vaiſſeaux:

241 1265 1410 90 Ethicus Hiſter dict, tout-haut, que les barques iſidororig.19.

191 1350 1469 78 eſtoient nauires forte approchans des vaiſſeaux Lẽ- B.rquo ſenst

185 1414 1736 110 niens deſquels parle Herodote: pourquoy ne de¬ fauσ dος tοηις

190 1506 1458 93 duirons nous ce terme, des Gaulois autãt que de la

193 1582 1469 107 ville Affricaine Barce comme aucuns veulent? La pſie¬

192 1676 1465 103 Barque dit Iſidore eſt le vaiſſeau qui porte tout le

194 1764 1465 86 trafic du grand nauire à terre. Le nauire le ſerre en

198 1854 1459 86 plaine mer, crainte des ondes eſmeues par la tẽpeſte.

196 1927 1463 97 mais venue au port de ſalut, la barque rẽd au nauire

198 2013 1463 105 le bien quelle en a receu en haute mer. Y a il choſe

200 2106 1461 96 plus cõforme à ce que nous pratiquons? Encor que

191 2177 1471 90 Ceſar attribue des voilles de cuyr aux nauires Bre- Le Olones pexr

199 2256 1461 98 tons-Gaulois: ſi n’eſt il vray ſemblable qu’ils en les voiter detous

196 2337 1472 96 vſoient tous. Et me ferois voluntiers croire, ſi i’e-ωu¬

198 2434 1469 105 ſtois plus hardy: que le terme d’Ollones, toille de

198 2520 1469 99 laquelle on faict auiourd’huy les voilles en plu¬

202 2604 1467 90 ſieurs quartiers de la Chreſtienté, eſt venu du

207 2685 1462 106 pays maritin d’Olone en bas Poictou, où l’on

1695 377 226 75 Gemains de

1663 490 236 60 Corſairer d'eà

1663 587 256 64 Angloιs, Nor¬

1663 641 256 56 mant François:

1661 735 260 60 verrez cy deſſou¬

1663 1160 260 59 lux Herod Plut.

1676 1324 28 55 r.

1669 1414 233 58 de petits vaiſ¬

1669 1519 237 48 uatieut uſent.

1670 1554 255 79 Herodan Ther¬

1670 2327 264 68 neutres e Pri¬
