4096 6261
473 240 1906 236 & Republique, liure VII. 223

198 469 2579 184 gent des Eueſques. Et ce, dit-il, nul ne reuoquera en

191 619 2582 163 doubte, qui entendra le cours bien ordonné des Eſ¬

191 758 2579 174 criptures diuines, ou qui vouldra ſuyure les anciẽ¬

194 890 2586 170 nes bonnes couſtumes & obſeruatiõs: ſelon leſquel¬

194 1029 2586 174 les, qui eſt-ce qui vouldra nier que les Eueſques en

194 1168 2583 171 la cauſe de la Foy n’ayẽt accouſtumé iuger des Em¬

201 1304 2579 174 pereurs Chreſtiens, nõ les Empereurs des Eueſques?

198 1440 2586 160 En ce Conſiſtoire Ieſus Chriſt n’a accouſtumé de te¬

198 1572 2592 170 nir le lieu de partie, ains de iuge. S’il fault traicter a¬

198 1718 2599 174 uecques luy, i’ay apprins que ce doit eſtre en l’Egli¬

194 1857 2607 167 ſe: ce que mes maieurs ont faict. S’il fault conferer

198 1989 2592 150 de la Foy, ceſte cõference doit eſtre auec les Preſtres.

309 2125 2486 177 Ainſi a eſté gardé ſoubs ce grand Empereur Con- L’Empereur

205 2254 2585 180 ſtantin, qui ſans aucune reſtriction permit aux Ec- Conſtantin

208 2404 2599 159 cleſiaſtiques le libre iugemẽt és matieres de la Foy: permet aux

215 2542 2558 167 & ne voulut oncques iuger des plainctes priuees

212 2678 2554 153 faictes d’aucuns Eueſques au Concile de Nice. C’eſt

219 2817 2603 191 Dieu, dit-il, qui vous a conſtitué prebſtres, vous à tieres de la

222 2956 2579 171 donné la puiſſance de iuger de nous, non à moy de Foy¬

226 3088 2571 153 iuger de vous: Il eſt ſeul voſtre iuge, & vous ne de¬

229 3224 2579 163 uez eſtre iugez des hommes. Bien ſuyui en ceſte

229 3363 2568 157 ſaincte opinion par Valentinian le ſenieur, diſant,

229 3502 2565 157 Il ne m’appartiẽt point de iuger entre les Eueſques,

236 3634 2579 164 où il eſt queſtion de la Foy, ou de quelque ordre Ec¬

233 3770 2589 177 cleſiaſtique: celuy doit iuger qui n’eſt point differẽt

240 3902 2585 174 en charge, ne de droict diſſemblable, ſcauoir eſt

243 4038 1378 153 les prebſtres des prebſtres.

341 4174 2488 156 En ce meſme temps & de meſme liberté preſchoit

254 4320 2575 163 deuant l’Empereur Valens Gregoire Nazianzene, &

254 4448 2578 164 luy diſoit, L’ordonnance de leſus Chriſt vous a aſ¬

257 4587 2572 157 ſubiecti à ma puiſſance, & à ma iuriſdiction: vous

264 4716 2572 160 n’eſtes pas ſeul qui imperez, auſſi faiſons-nous en

274 4862 2562 153 pluſgrand & plus parfaict Empire: ſi nous ne vou¬

274 4991 2565 160 lons ſoubsmettre l’eſprit à la chair, & les choſes ce¬

271 5116 2554 216 leſtes aux terreſtres. Recoy doncques, ô Empereur,

2801 2487 501 160 Eccleſiaſti¬

2801 2615 518 160 ques le iuge¬

2801 2740 564 143 ment és ma¬
