4096 7106
552 489 933 170 L’AN M. CCLXIX.

1982 465 1237 210 HISTOIRE DV ROY

849 627 2938 158 ſouhaitoit viure comme ſolitaire au Chaſteau de Vicennes durant l’abſence du Roy

849 1026 2934 146 ſa paſſion, & tranſport de colere, que de l'amitié & pitié de ſon prochain, & que du ſer¬

865 1314 2922 146 Naples: & n’y auoit ſeigneur qui n’appellaſt le Pape trahiſtre, & Charles cruel & par¬

861 1429 2926 122 ricide, & ne dit que pour priuer ceſt enfant de ſon heritage, il l’auoit fait mourir ſans

857 1508 2930 142 nulle cognoiſſance de cauſe. Seuls furent ceux de Baſle & leurs voiſins qui ſe croiſerẽt

868 1602 2919 146 ſous la conduicte de deux maiſons illuſtres du pays, l’vne deſquelles auoit nom de

861 1910 2922 127 d’Elſace, & montans ſur mer à Genes, feirẽt le voyage d’Aſie, comme auſſi en aduint

865 1993 2926 134 à pluſieurs Eſpaignols, François & Itanens, ieiqueis iry gaignierenit noir pris qu'auviet

861 2088 2922 138 fait leurs anceſtres, & leſquels y attendoient les Roys de France, d’Angleterre & d’A¬

865 2191 2918 138 ragon, qui ne ſ'y acheminerent point pour les raiſons cy apres alleguées. Ainſi qu’en

876 2688 2915 118 de la Terre ſaincte. Ce que ſçachant le Roy ſainct Louys enuoya en Angleterre vers

872 2767 2915 142 le Prince Edoüard, le priant qu’ils ſe peuſſent voir & parler des affaires pour le fait de

872 3260 2915 127 Edoüard,ayant le cœur haut, accepta le preſt, & engagea au Roy ſainct Louys la Gaſ¬

876 3355 2907 122 coigne pour ceſte ſomme, ainſi que le teſmoigne celuy qui cõtinue l’hiſtoire de Mat¬

896 3856 2895 119 en vne election ny en l’autre: mais ce treſpas eſt mis en l’an mille deux cens ſeptante

872 4129 2915 122 infideles, laiſſa ſon pere en vie, & ſ'en retourna en Europe pour le voir auant que dece¬

872 4220 2919 130 daſt, dequoy il fut fruſtré ainſi que dirons en ſon lieu, & par quelle occaſion. Auãt auſſi

880 4614 2907 119 lippe ſon frere, & aux nopces de laquelle celebrées à Burgos, aſſiſterẽt les Rois qui ſ'ẽ¬

876 4989 2907 139 Grenade, & Guillaume Marquis de Monferrat, ſans compter vn nombre infiny de

872 5080 2911 154 Prelats & ſeigneurs, tant de France, Eſpaigne, qu’Italie & Angleterre: & de ce mary

872 5179 2908 134 eſtoient freres Alphons & Sanche de la Cerde, deſquels ſera faite mention cy apres,

876 5286 2904 134 pour les diuiſions ſuſcitées, à cauſe de la ſucceſſion de Caſtille. Car (comme dit Guil¬

868 5755 2900 142 auſſi apres le decez de ſon ayeul, & de ſon pere à la ſucceſſion de Caſtille, quoy qu’il y

865 5854 2903 138 eut d’autres enfans dudit Roy Alphons: ce que n’eſtant gardé ſuyuant la conuention

865 5945 2903 213 ſusdite, il y eut auſſi de grandes diuiſions comme i’eſpere vous deduire cyapres en

3629 6024 143 174 ſon

610 686 249 190 Cmoiſide ſon loyal eſpoux. Ceſte croiſade eſtant generale, fut publiée auſſi en Allemaigne, mais

545 817 314 160 publiĺe l'z le nom tant du Pape que du Roy Charles de Sicile, eſtoit hay tellement des Princes

545 917 314 148 1269. & ſeigneurs de Germanie, qu’il ne ſ'en trouua pas vn ſeul qui ne feit plus decompte de

569 1107 296 154 Allemans uice de Dieu & auancement du Chriſtianiſme: & cecy à cauſe de la mort iniuſte de

545 1190 314 136 ne veulent Conradin, & du Duc d’Auſtriche, qu’ils diſoient auoir eſté iniuſtement executez à

545 1306 292 123 ſe croiſer,

541 1393 284 158 pourquay.

545 1559 284 134 Familles !

537 1662 288 126 luſtres de

533 1717 320 148 vιδε quιſς l’Eſcale, & l’autre des Moynes, ceſte-cy portant vne eſtoille pour marque de ſes ar¬

539 1817 314 214 cτοιſονηι, moiries, & l’autre vn Papegau ou Perroquet, auſquels ſe ioignirent quelques trouppes

569 2244 308 207 Legat du Frâce eſtoit allé vn Legat Apoſtolique, en fut auſſi enuoyé vn en Allemaigne (où il gai¬

551 2404 326 118 Papeen An gna l’aller pour le venir) & vn autre en Angleterre, tant pour ceſt affaire, que pourla

545 2475 332 130 gleterre reformation du clergé, de la main duquel meſſieurs les Princes Anglois, Edoüard &

551 2558 326 124 pour la crei Emond fils de Henry troiſi eſme, prindrent la croix, & voüerẽt ce voyage tant fameux

556 2648 178 131 ſade.

604 2731 245 115 Edoüard

556 2822 297 111 aiſné des

551 2877 326 154 fils de He-ceſte entrepriſe, lequel vint en France, & parlementa auec le Roy, qui le requit d’aller

557 2978 320 119 11 80ν An-auec luy: & l’Anglois ſ'excuſant ſur le denaut qu'hauont de uemers, ie Rovaume d’En¬

563 3055 314 148 glon paſſe gleterre en eſtant eſpuiſé, à cauſe des guerres ciuiles, le Roy luy offrit trente mille

551 3132 326 148 en France. marcs d’argent ou à preſt, ou à don pur, pourueu qu’il feit ſeulement le voyage: mais

563 3393 320 219 De Nargis thieu Paris. Ce-pendant mourut Richard frere du Roy Anglois & iadis eſleu Roy des

557 3558 326 125 fait mourir Romains, ſans que pour cela aucun fut encor de long temps appellé à la couronne de

557 3629 326 131 Richard l’Empire, tellemẽt qu’on voïoit en meſme temps ſchiſme en l’Empire & en la Papauté

563 3712 320 143 Roy des Re tous deux les ſieges vacquans, pource que les electeurs ne pouuoient ſ'accorder ny

564 3805 297 115 mains l'an

560 3888 289 103 1269.c2

557 3937 326 143 les aneloiς vn, par le Chroniqueur Anglois: ce que ie croy pluſtoſt que Guillaume de Nangis,

563 4038 320 178 l'anιεγI. & cecy pource que Henry fils de Richard, allant auec ſon couſin Edoüard contre les

592 4328 285 142 Ainſien que le Roy ſainct Louys partit pour aller à ſon entrepriſe fut fait le mariage de madx¬

563 4405 314 154 parle &ι me Blanche de France auec Dom Fernand fils aiſne & heritier dAlphons Roy de Ca¬

563 4500 314 118 cie contre ſtille, & eſleu Roy des Romains: laquelle fut conduicte en Eſpaigne par mõſieur P'hi¬

564 4583 281 126 Garιuι,

560 4686 293 114 qui dit qu

569 4737 308 136 τεηchεcςς ſuiuent, Dõ lacques d’Aragon, ay eul du Prince Eſpaignol, Philippe ſusnommé, & fre¬

557 4820 320 154 pouſa ceſte re de l’eſpouſée: Edoüard aiſné de la maiſon Royale d’Angleterre: Dom Pierre Infant

563 4903 314 136 Blanche. & heritier d’Aragon frere de la Royne Yoland mere de Sanche, & Mahom Roy de

557 5376 320 148 Guillaume laume de Nangis)les conditions auec leſquelles la fille de France fut mariée en Caſtil¬

557 5483 320 118 de Nangis le furent telles, que le Roy ſainct Louys auroit droit & pretenſion legitime au Royau¬

557 5554 320 154 en la vie de me Caſtillan, à cauſe de madame Blanche ſa dame & mere: & que le premier fils ve¬

569 5643 308 166 s.touys. nant de ce mariage de Dom Fernand, & de madame Blanche de France, viendroit
