4096 6199
616 392 1562 193 L’HISTOIRE DES HIST. 487

403 530 2177 196 Marie de Sicile a laiſſé l’Hiſtoire d’Aragon.

403 668 2184 217 Pierre de Medine a faict en Eſpagnol, vn li¬

316 819 2174 193 ure des choſes plus memorables d’Eſpagne.

413.0 950.0 2184.0 207.0 Anthoine de Nebriſſe, a dreſſé vn recueil

310.0 1091.0 2287.0 207.0 des choſes faictes par Ferdinand Roy d’Ara¬

320.0 1232.0 2287.0 210.0 gon 1494. Il vint en ſa vieilleſſe à tel defaut

320.0 1377.0 2291.0 189.0 de memoire, qu’il eſtoit contraint de lire en

327.0 1511.0 2287.0 210.0 vn papier la leçon de Rhetorique qu’il faiſoit

320.0 1646.0 2287.0 220.0 à ſes eſcholiers en l’Vniuerſité d’Alcala de He¬

323.0 1818.0 1520.0 176.0 narez, Huart 1o. de l’examen.

416.0 1928.0 2191.0 210.0 Iean Bracel, a laiſſé cinq liures des guerres

334.0 2104.0 933.0 175.0 d’Eſpagne, 1496.

420.0 2200.0 2180.0 210.0 Charles Verald, a dreſſé la cõqueſte du Roy¬

337.0 2365.0 2274.0 190.0 aume de Grenade. Outre cermitonre d’Eſpa¬

344.0 2524.0 909.0 165.0 gne Betica, 1468.

427 2613 2191 210 Damian à Goës, a d’eſcrit les choſes memo¬

347 2755 2271 220 rables, faictes aux Indes Orientales par les

347 2937 827 165 Portugais, 1510.

427 3027 2163 206 D’Auila, a dreſſé la vie de l’Emp. Charles 5.

444 3175 2184 213 Sepulueda fut l’uiſtoriographe du meſme

365 3347 1078 169 Charles 5. Empereur.

447 3443 2178 210 Franciſque Aluarez, a deſcrit les choſes no¬

368 3581 2257 207 tables d’Ethiopie & Royaume des Abiſſins,

368 3743 1568 179 dont nous auons parlé ailleurs.

468 3864 2163 206 Aloyſe Cadamoſte, a repre ſenté la Nauiga¬

375 4029 1168 158 tion aux terres neuues.

468 4132 2163 186 Ieã de Garibay né de Guiboſcoa en Biſcaye,

385 4277 2253 189 a laiſſé trois Tomes des niſtoires qu’il nomme

392 4435 1230 183 Chroniques d’Eſpagne.

475 4549 2177 196 Chriſtophle Colon Genois Marchãd, apres

392 4687 2267 199 auoir deſcouuert les Iſles, puis le continent de

392 4831 2264 197 l’Amerique, ſelon les Memoires qu’il en auoit

389 4966 2267 248 retité d’vn autre marchand, qui à ſon retour

1698 5107 365 206 Gg iij
