4284 6720
1094 85 202 202 554

2110 29 825 254 LIVRE

1049 276 2962 220 ce qui les faiſoit aduancer, pour tirer celle qui

1049 448 2962 209 leur reſtoit à la Charité. Faute de Canons, fu¬

1049 616 2958 190 rent contraints ſouffrir maintes brauades, que

1049 780 2954 198 tant de chaſteaux, & pluſieurs petites places, ſeu¬

1045 940 2951 198 lement tenables contre coups de main, leur fai¬

1045 1097 2947 198 ſoyent à la ſuitte de leur voyage. Auec ce ſe pre¬

1030 1254 2951 220 ſenterent aux Catholiques, en la ſorte que ie

1049 1426 721 183 vous diray.

1142 1541 2843 232 Dés le Lundy, vingtſixiéme Iuin, auoir deſcou¬

1034 1736 2939 179 uert l’armée Catholique, s’accommodant ſur vn

1027 1896 2939 183 haut de montagne, à coſté droit du mont ſaint

1030 2049 2936 194 Iean, ſe haſtoyent ſemblablement d’ordonner

1030 2206 2929 202 leurs battailles ſur la montagne plus prochai¬

1034 2381 2928 176 ne. Et pour mieux vous donner à entendre tant

1027 2527 2917 205 Ia forme, qu’aſſiette des deux camps, ie les re¬

1038 2691 1822 206 preſenteray l’vn apres l’autre.

1169 2833 2782 213 Le mont ſur lequel campoyent les Catholi¬

1049 3005 2902 187 ques eſtoit fort loin, reueſtu preſques en tous les

1038 3162 2917 198 endroits de taillis fort eſpés, & quelque fois de

1042 3322 2913 202 grans bois, qui ſeruoyent fort pour la commodi¬

1034 3808 2913 186 eſtoit fort doux & aiſé: tellement que pour s’e¬

1027 3957 2928 198 ſtendre fort lentement iuſques à ſon pied, les

1019 4117 2932 195 ſoldats pouuoyenr à leur aiſe deſcendre & mon¬

1004 4442 2943 191 droits de ceſte pente ſe trouuoyent force hayes

1004 4592 2947 205 & buiſſons, meſmement vers le bas & pied du co¬

1000 4763 2264 191 ſtau, qui ſernirent fort à l’Infanterie.

1109 4913 2842 201 Sur ce coupeau & pente de montagne, le Ma¬

993 5077 2962 205 reſchal y diſpoſa ſon armée, ayant choiſi deux

997 5241 2965 187 endroits les plus commodes pour l’Auant-garde

993 5394 2958 198 & Battaille, eſquels il diuiſa le gros de ſon camp.

986 5547 2965 295 L’Auant-garde approchoit plus du mont ſaint

3596 5708 344 242 Iean

485 2874 456 228 Deſcri¬

489 3068 515 191 ption du

485 3229 527 187 lieu ſur

481 3382 531 194 lequel cã

478 3539 545 168 poit l’ar- té d’vne telle armée. Le pendant de ceſte longue

485 3692 537 164 mée Ca- montaigne qui regardoit l’armée Proteſtante,

466 3860 523 209 tholique,

470 4017 516 190 & la di¬

459 4162 508 228 Ppoſition

459 4334 493 220 d’icelle.
