4096 6261
1186 285 888 201 PREMIER.

250 452 2589 184 rebellion, contre la teneur de l’edict qui veut toute me¬

250 601 2586 153 moire du paſſé eſtre effacee, pour mieux reunir les cœurs

257 723 2582 150 des ſuiets ſi enuenimez les vns cõtre les autres pour la ri¬

257 838 2582 160 gueur des guerres precedentes. Ils n’oublioyent auſsi les

247 956 2599 160 ſecrettes aſſemblees des Catholiques, faites au deſceu de

247 1081 2599 146 ſa Maieſté, tant en Bourgongne (ſous l’authorité de Ta¬

254 1196 2592 160 uanes, eſquelles aſsiſtoit Begat conſeiller au Parlemẽt de

254 1318 2589 142 Diion, & autres de la iuſtic e) qu’en Languedoc, Prouen¬

250 1433 2593 146 ce & ailleurs, qu’ils appelloyent Confrairies du ſainct E¬

257 1558 2582 153 ſprit, eſquelles ils prenoyent le nom & enrolloyent tous

250 1693 2579 143 les Catholiques, qui a poinct nome deuoyet eſtre preſts,

247 1798 2599 153 fournis d’armes & d’argent, pour courir ſus aux Prote¬

250 1920 2600 139 ſtans, lors qu’ils s’en douteroyent le moins, & en faire

254 2034 2596 174 des veſpres Françoiſes, non moins cruelles que les Sici¬

257 2156 407 153 liennes.

386 2253 2460 178 Voyans ainſi que de toutes parts on faiſoit ſecrette¬

247 2403 2596 150 ment dreſſer les compagnies, tant de pied que de cheual:

264 2511 2575 153 Que ſix mil Suiſſes eſtoyent ia en France arreſtez & en¬

247 2622 2603 164 tretenus, nonobſtant que le Duc d’Alue fuſt ia en Flan¬

254 2740 2596 164 dres: (contre le paſſage duquel on leur diſoit la leuee a¬

250 2866 2603 146 uoir eſté faite:) Qu’il n’y auoit aucun ſoupçõ du coſté de

254 3001 2592 139 l’Anglois ſur Calais où l’on diſoit y vouloir enuoyer les

250 3106 2596 156 Suiſſes: aſſeurez par là que toute ceſte gendarmerie eſtoit

250 3220 2600 160 deſtinee contr eux: Les auertiſſemẽs que le Prince de Con

250 3339 2603 160 dé auoit de iour à autre, par le rapport de pluſieurs, & meſ

254 3460 2596 150 mement de ſon couſin, le Prince de la Roche ſur-Yon,

254 3582 2592 153 lors qu’il mourut, de l’entreprinſe qui auoit eſté iuree à

254 3697 2603 139 Bayonne, pour exterminer les huguenots & leur religiõ¬

254 3812 2596 163 Aſſeuré des lettres que le Pape, le Roy d’Eſpagne, & Duc

254 3937 2596 160 d’Alue auoyent eſcrit à ſa Maieſté, par leſquelles ils le ſe¬

247 4052 2606 156 monnoyent & interpelloyent de l’execution de ceſt abou

250 4180 2603 157 chement & entreprinſe de Bayonne, & qu’on ſe vouloit

240 4292 2613 149 ſelon la reſolution adreſſer aux Chefs. Pour ces conſide¬

250 4420 2603 147 rations, & autres menues particularitez, prient le Roy &

250 4528 2610 160 tous autres ne trouuer eſtrange, ſi pour faire eux-meſmes

254 4647 2613 170 leur plainte de viue voix, (puis que tant de lettres & re¬

257 4765 2607 156 queſtes par eſcrit ne leur ont mieux amendé leurs affai¬

261 4883 2599 150 res)ils ſe ſoyẽt aſſemblez de ſix à ſept vingts gentilshom¬

267 5012 2590 153 mes, qui deliberez de venir trouuer ſa Maieſté pour luy

281 5120 2579 198 demander iuſtice, & craignans la rage de leurs ennemis

2300 5241 87 185 t
