4096 7062
612 498 1031 196 L’AN M. CCXXXIIII.

902 643 2887 165 fante Blanche, & que le Champenois emporteroit la couronne Nauarroiſe. A ceſte

898 757 2888 145 cauſe ils enuoyerent vers le Roy d’Aragon le ſupplier de les quicter, & abſoudre du

898 859 2891 141 ſerment qu’ils luy auoient faict par la ſollicitation de leur deffunct Roy, de l’acce¬

906 953 2872 145 pter pour leur Prince, propoſans que ſans grande iniuſtice ils ne pouuoient le faire,

902 1051 2880 141 veu que la loy y repugnoit,& que le Comte de Champaigne, eſtant fils d’vne fille, &

902 1161 2884 129 ſœur de leurs Roys, eſtoit auſſi le vray ſucceſſeur de ce Royaume. Il y en a qui dient

898 1239 2880 145 que le Roy Iacques ne ſe feit guere prier à leur accorder ce qu’ils demandoient,

898 1337 2888 138 voyant la iuſtice de leur demande: & que à ceſte cauſe les Nauarrois enuoyerent en

890 1526 2896 149 pelonne, pour ſolliciter le Comte de venir prendre poſſeſſion de ſon heritage. Mais

906 2020 2872 133 d’Aragõ, & qui fut celuy, par les menées duquel les Frâçois furẽt maſſacrez en Sicile.

886 2310 2900 122 ciens Roys Goths de ce pays, conclud auec ces parolles: Ceſte infante madame blan¬

890 2773 2896 134 le Grand. Ainſi parle l’hiſtorien Eſpaignol, comme ſ’il vouloit rendre la Nauarre Sa¬

870 3060 2908 133 venu és mains des Princes de France, entre leſquelles ila demouré iuſqu’à preſent,

882 3170 2900 125 ainſi que ( Dieu aydant) nous monſtrerons eſtans venus au poinct, où la maiſon

878 3264 2904 129 de Champaigne fut vnie, & incorporée à celle de France, afin que le meſlange ne

882 3374 2900 105 cauſe aucune obſcurité, ny confuſion en l’hiſtoire. Et pour ce que cy deſſus nous &

867 3464 2915 114 uons faict mention de la diſcorde, & diuiſion qui eſtoit entre les Comtes de Prouen¬

890 3546 2892 126 ce, & de Tholouſe, le Roy ſainct Louys ayant attaint l’aage de vingt & deux ans, &

894 3742 2884 118 maria il onc, veu la chaſteté, continence, & grande modeſtie, qui eſtoit en luy: aduet¬

882 3833 2896 125 ty des bonnes mœurs, & honneſteté de madame Marguerite fille aiſnée de Raymõd

882 3939 2896 113 Berenger Comte de Prouence, depeſcha Gauthier Archeueſque de Sens, & lean de

874 4511 2892 118 te ioyeux de ceſte nouuelle, mit és mains des ſuſdicts ſeigneurs ſa fille, autant bien in¬

874 4609 2892 114 ſtruicte qu’autre de ſon temps, & telle qui meritoit d’eſtre l’eſpouſe de celuy qui à

870 4684 2892 137 porté le tiltre du plus ſainct, & iuſte Roy de ſon ſiecle, & duquel mariage ſont ſortis

847 5190 2903 98 le Comte ſon beau-frere, aymant mieux viure ainſi banny de ſon pays, que de ſ'y te¬

859 5261 2887 133 nir à la mercy de ſes ſuiects les Marſillois, qui vouloient le receuoir qu’auec condi¬

855 5363 2891 129 tions fort iniuſtes, & des-raiſonnables, quelque choſe que le Legat, Eueſques, & Ba¬

851 5457 2891 121 rons euſſent ſceu faire ny ordonner en l’aſſemblée de Beſiers. Oultre la Royne Mar¬

851 5543 2884 141 guerite, ce Comte Raymond Berenger auoit encor' trois autres filles, leſquelles fu¬

596 1451 292 124 roy σari. Gaule vers le Comte Thibaut Dom Piedro Ramirez de Piedrole Eueſque de Pam¬

588 1573 275 106 uar hiſt.

588 1647 294 106 dEB. liu, d’autres tiennent que l’Aragonois ne feit aucune ceſſion de ſes droicts, trop bien ſ'en

588 1736 294 112 25ich4.1. deporta il pour lors, eſtant empeſché contre les Mores, & à la conqueſte du Royau¬

619 1824 263 118 Reyaume me de Valẽce, qu’il prit ſur les Mahometãs quelque an apres, qui fut cauſe qu’il renó¬

584 1918 314 117 de palenee ça les droicts qu’il auoit ſur la Nauarre à ſon fils Dom Pierre, qui luy ſucceda au pays

580 1977 287 137 cõquis pa¬

584 2079 243 94 Iacques

592 2111 304 129 3ο 64 Au reſte celuy qui a faict l’hiſtoire vniuerſelle des Eſpaignes, ayant diſcouru ſurle

584 2228 308 110 rigon. changement de l’eſtat de Nauarre, & fin du ſang ancien en ligne maſculine des an¬

2157 482 1228 204 HISTOIRE DV ROY

588 2398 309 132 Blanche de che mere du Roy Thibaut, fut la premiere femme laquelle introduict en Nauarre la

588 2493 308 127 Navarre ſucceſſion des filles à faute de hoir maſle, quoy que ce ne fut elle qui obtint la cou¬

580 2593 316 110 premiere ronne, d’autant qu’elle mourut auant que le Roy Dom Sanche ſon frere: & par le

584 2685 326 115 dame ve- treſpas de laquelle la ſucceſſion Royale eſcheut au Roy Thibaut ſon fils ſurnommé

592 2754 255 106 nant au

592 2832 263 118 droict de

592 2895 305 114 Ιρ ρεμρόης lique: & toutesfois nous ſçauons que les Goths ont receuës les filles aux ſucceſſions

584 2985 308 106 de Nauαrς de leurs couronnes. Tant y a que par le moyen d’icelle, ce Royaume Nauarrois eſt

584 3083 181 161 re.

655 3625 228 137 A quel deſireux de laiſſer lignée pour ſucceder à la couronne, car pour autre eſgard ne ſe

580 3687 294 126 aageſe ma¬

576 3789 287 114 na le Re¬

576 3876 279 110 S. Louys.

592 4031 274 135 Scigneur, Néelle ſon Cheualier (ainſi l’appelle Guillaume de Nangis) qui me fait penſer qu’il

576 4122 288 138 depatZ debuoit eſtre ſon grand Eſcuyer:les enuoya (dis-je) vers le Comte de Prouence, hom¬

564 4237 299 113 par lema- me vaillant aux armes: mais droict & equitable, ſimple, & craignant Dieu, & inſtrui¬

572 4319 291 110 riage du ſant ſa famille en ceſte craincte & reuerence: luy mandant qu’il ne feit aucun delay

592 4409 271 126 Ry. de luy enuoyer ſa fille Marguerite, que le Roy auoit choiſi pour ſon eſpouſe. Le Cô¬

635 4810 235 117 5.tοuyς de tels enfans que preſque toute l’Europe en a eſté honnorée, & de la vertu deſquels

564 4885 304 136 eppouſe la poſterité ſ'eſt reſſentie. Elle fut conduitte en France, & le Roy vint la receuoir à

568 4980 300 120 Margueri-Sens, où il l’eſpouſa, & la feit ſacrer, & couronner par le meſme Archeueſque qui luy

564 5087 304 127 te de Pro-auoit amenée. Et ce-pendant le Comte beau-pere du Roy ſe tenoit en Sauoye auec

557 5151 231 145 uence.

588 5670 267 112 Filles du rent ſi heureuſes que d’eſtre toutes hautement mariées, & d’auoir des Roys pour

553 5771 301 106 Comte de eſpoux, à ſçauoir Leonor & Sanche eſpouſes de Henry Roy d’Angleterre, & de ſon

549 5841 305 126 Prouence frere Richard eſleu Empereur d’Allemaigne: & la plus ieune de toutes nommée

557 5945 297 167 cé martées Beatrix, fut apres le decez de ſon pere mariée par le Comte de Sauoye ſononcleà

3401 6006 318 208 monſieur
