1119 2000
254 97 112 59 686

433 91 385 73 niers de la ville, auec cõmiſſion, pour le tout viſiter & a¬

934 101 122 70 remonſtré

234 180 832 45 Hiſtoire Eccleſiaſt.

233 207 829 56 1563

234 245 829 57 de temples, abatemet d’images, enleuemet de cloches, &

234 285 830 59 autres ornemens ſeroient du tout mis ſous le pied, ſans

234 324 451 49 qu’il fut loiſible de demander fatisfaction ou reparation

252 361 811 59 d’iceux, ni des meurtres & outrages aduenus d’vne part

233 404 831 49 & d’autre depuis ces troubles.

233 441 830 50 ITEM que les frais employés par laville deDieppe pour

232 478 828 55 les fortifications, munitions, & reparations d’icelle feroi¬

232 520 831 50 ent paſſés & aloués en la chambre des Cõtes ſur les de¬

255 555 805 56 precier, auec examen de la declaration & conte d’iceux.

233 611 825 39 SVIVANT ceſt accord, nõ ſeulemẽt ſe retirerẽt les An

234 633 822 57 gloi,man dun pluneurs autres a jas apeeu mdieiet de

230 670 830 58 quelles menees quelq̃s vns auoiẽt vſé, & ne ſe fiãs en tel

230 711 830 54 les pmeſſes s’en allerẽt enAngletere, du nõbre deſqls fut

230 747 827 51 le ſieur Deffors, gouuerneur cõbiẽ qu’on luy promit de

230 787 827 57 le cõſeruer en ſon eſtat s’il vouloit demeurer, le Capitai¬

230 827 827 49 ne Ribaut, & pluſieurs gẽtilſhõmes & damoiſelles, & auſ¬

228 865 828 56 ſi Frãçois de ſainct Paul miniſtre de la ville, auec autres

234 904 822 51 miniſtres & bon nõbre de peuple. Il y eut auſſi des bour¬

231 943 823 55 geois de la ville q ſe retirerẽt en Anuers & autres lieux

231 984 823 53 du pais de Flandres pour y attendre la fin de ceſte trage¬

230 1020 821 57 die. Cependãt le ſieur de Mõtmorãcy auec ſa compagnie

231 1061 822 53 d’hõmes d’armes, deux cõpagnies Frãçoiſes de gẽs de

228 1096 822 52 Nouẽbr. cõd iour de Nouẽbre, & ſaiſis de l’artillerie & munitiõs

228 1136 822 55 dõt la pl9 part fut portee au chaſteau, y eſtablit pour ca¬

230 1181 821 49 pitaine le ſieur de Ricaruille auec vne cõpagnie de trois

228 1215 822 55 cens hõmes de pied ſoldoyés aux deſpẽs du Roy, & pour

230 1253 821 54 gouuerneur de la ville le ſieur de Baqueuille par ordon

227 1293 823 53 nãce du Roy auec vne cõpagnie de cent hõmes de pied

226 1330 825 54 entretenue aux deſpẽs de la ville. Il y fit auſſi dire la meſ

227 1368 823 55 ſe par ſõ chapelain au tẽple de ſainct Iaques les deux ou

226 1408 822 52 trois iours qu’il ſeiourna en la ville: apres leſquels ayant

226 1446 821 54 exhorté les habitãs de ſe cõtenir en paix ſous l’obeiſſãce

226 1484 821 53 du Roy, & fait retirer les Reiſtres du Cõte Ringraue, & la

226 1525 819 48 cõpagnie du ſieur d’Annebaut, il reprint le chemin de la

227 1563 820 54 Cour, non toutesfois ſans eſtre ſupplié de leur faire re¬

226 1600 821 55 ſtituer l’exercice de la religion, de peur de tomber en

226 1640 819 53 atheiſme, & pour euiter qu’à faute de cela il ne ſur¬

228 1677 818 64 uinſt quelque trouble par dehors ou par dedans. Cela

83 1085 143 65 pied, & deux cõpagnies d’Alemãs, entrés en la ville le ſe¬
