2811 4025
353 250 335 143 Lur III.

1122 243 535 130 en laquelle

529 330 1736 123 & 91.15.

528 418 1737 89 Martyrs de Lyon.

534 469 1731 92 Dieu ſon Pere, & amener par ce chemin à la vie eternelle tous les eſleus, qui de toute e¬

536 527 1729 87 Rom.829. ternité ont eſté predeſtinez de Dieu le Pere pour eſtre faits conformes à l’image de ſon

540 583 1725 87 Fils: pour lequel nous endurons maintenant, afin qu’auec luy ſoyons glorifiez. Que ſi le

536 637 1729 80 monde, la mort, le diable & enfer nous veulẽt perdre & engloutir, eſcoutõs Ieſus Chriſt

538 688 1729 92 Iean 16.33. noſtre bon maiſtre, diſant, Vous aurez affliction au monde: mais ayez bon courage, car

538 746 1729 88 i’ay veincu le monde. Celuy qui croit en moy, paſſera de la mort à la vie. Car Ieſus

538 796 1729 91 Chriſt en mourant a fait que la mort ne nous eſt point mort: mais eſt chemin pour aller

541 957 1728 89 Mat 8a5. aſſaillent, criõs auec les Apoſtres, Seigneur, ſauue-nous: & il nous deliurera de tous dã¬

543 1019 1724 85 pſe.50.15, gers, cõme il a promis par ſon prophete Dauid, Inuoque-moy au iour de ta tribulation,

547 1071 1722 91 & ie te deliureray: & tu me feras honneur. Quand tu m’inuoqueras ie te reſpondray, ie

547 1122 1722 89 ſeray auec toy en affliction, & t’en deliureray, & te glorifieray. O la grande conſolation

547 1182 1725 81 que deuons auoir en ces promeſſes ſi grandes de noſtre Dieu (deſquelles auons fait plu¬

550 1234 1722 85 ſieurs fois en noſtre captiuité experience) voyans qu’il promet d’eſtre auec nous au tẽps

552 1290 1720 82 de noſtre tribulation pour nous conſoler & deliurer de tout mal! Car eſtans condãnez

552 1350 1722 85 à la mort par les aduerſaires, eſtans reiettez de la compagnie des hommes, comme les

552 1399 1722 83 ordures du monde: helas! conſiderons la grande bonté, miſericorde & clemẽce de no¬

554 1453 1720 83 ſtre bon Pere celeſte, lequela eu compaſſion de nous ſes poures ſeruiteurs: nous conſo¬

554 1511 1720 81 lant en pluſieurs ſortes, tant en nos corps qu’en nos eſprits: nous faiſant ſentir en nos

556 1565 1718 83 cœurs vne ioye incomprehenſible, laquelle non ſeulement a englouty & ſurmonté la

554 1621 1720 80 triſteſſe, mais auſſi nous fait reſiouir au milieu de nos tribulations, voire au milieu de la

556 1674 1720 79 mort, contre la rage de tout le monde, en ſorte que parla grace de Dieu nous voyons

556 1719 1720 92 nos aduerſaires deuant nos yeux eſtre cent mille fois plus captifs & affligez que nous.

559 1777 1717 96 car ſi noſtre corps eſt enclos aux priſons & chartres, l’eſprit neantmoins eſt en liberté, e¬

556 1833 1720 85 ſtant remply de toute ioye & conſolation celeſte par le S. Eſprit, qui nous rend teſmoi¬

559 1893 1719 83 gnage que noꝰ ſommes enfans de Dieu & freres de Ieſus Chriſt, qui nous aſſeure de no¬

559 1940 1719 90 ſtre ſalut, & auſſi de noſtre deliurance heureuſe, laquelle ſera faite en la ſeparation du

559 2001 1719 80 corps & de l’ame, & finalement en la triomphante reſurrection. Au contraire, ia-ſoit

559 2054 1719 85 que nos ennemis, quant à l’apparence exterieure, ſemblent eſtre en liberté & proſperi¬

561 2110 1720 81 té en grande pompe mondaine, neantmoins ils ſont eſclaues du diable:ils ont le ver de

563 2164 1718 81 leur conſcience qui leur ronge & mange ſans ceſſe leur cœur:ils ont vn feu en eux-meſ¬

561 2220 1722 78 mes qui les tormente grandement. Bref, ils ſentent maugré leurs dents la main puiſſan¬

568 2325 1715 83 le S.Apoſtre, reſiouiſſons-nous en la croix de noſtre Seigneur & en nos afflictiõs: & ren¬

565 2376 1718 88 2 Cor.4.17. dons luy graces de ce que maintenant il nous chaſtie & corrige, afin qu’il ne nous con¬

568 2437 1715 85 damne auec lo monde. car noſtre tribulation eſt legere & de petite duree: mais le fruict

565 2493 1720 80 & la conſolation qu’elle porte, eſt eternelle. O ſi nous conſiderons la gloire infinie, &

568 2546 1717 83 couronne immortelle qui nous eſt preparee là haut au ciel apres la victoire!ſi nous con¬

565 2602 1720 81 ſiderions les biens & threſors ineſtimables, & l’heritage eternel que Ieſus Chriſt nous a

568 2645 1717 94 acquis par ſa mort & paſſion, & par ſa reſurrection!ſi nous (dy-ie) penſions à la bien-heu¬

568 2696 1719 96 reuſe felicité, à la ioye & à la vie eternelle en laquelle nous ſerons, ayans nos corps im¬

568 2750 1717 98 mortels & ſemblables au corps glorieux de leſus Chriſt: nous-nous eſiouiriõs en noſtre

570 2815 1715 98 captiuité, voire au milieu de la mort, nous chanterions louanges eternelles à noſtre

570 2868 1717 94 bon Dieu & Pere, & nuict & iour, nous luy rendrions graces du bien & hõneur qu’il luy

570 2920 1717 100 plaiſt nous faire, en nous conſtituant teſmoins de ſa verité, nous ſouhaiterions d’em¬

570 2976 1719 96 ployer noſtre corps pour vne ſi bonne querelle que celle que Dieu nous a miſe en main.

570 3029 1717 92 Helas, treſcher frere, Ieſus Chriſt noſtre bon Maiſtre n’a pas eu honte de maintenir no¬

570 3130 1719 101 bre de la croix entre deux brigans, de porter l’ire & fureur de Dieu ſur ſoy, iuſques à ve¬

570 3186 1717 101 Mitazας. nir crier à haute voix, Mon Dieu, mon Dieu, pourquoy m’as-tu laiſſé? Aurons-nous dõc

570 3240 1719 98 hõte de maintenir ſa cauſe tãt iuſte & raiſonnable,ſa iuſtice & innocẽce, ſa mort & paſ¬

570 3302 1719 90 ſiõ, qui eſt le ſalut de tout le mõde? Douterons-nous d’aller apres luy & apres les S. Pro¬

570 3354 1719 96 phetes & Apoſtres, apres tãt de Martyrs qui ont fait le chemin deuãt noꝰ qui ont expoſé

572 3407 1720 130 leur vie à cruels tormẽs pour maĩtenir la gloire de Dieu & la ſaincte verité de l’Euãgile,

357 430 172 79 544.

364 598 174 72 pour paruenir à la gloire infinie en laquelle ils regnẽt maĩtenãt auec Ieſus Chriſt noſtre

364 655 105 89 Cheféc Capitaine en toute paix, ioye & felicité, attendãs la biẽ heureuſe reſurrectiom,

366 874 163 60 Roms2.

371 924 159 72 1.Cor.11.32

375 979 132 83 en

393 2209 152 85 Martyrs ſes

391 2276 159 54 lors cogno

393 2302 170 63 ont blanch
