4096 6708
819 491 1868 179 PHILIPPE LE BEL LIVRE IIII.

3171 518 157 171 773

387 614 2948 157 les choſes ſacrées, qui fut depuis cauſe de la ruine de toute ceſte belle & redoutable

391 741 2944 119 multitude. D’autant que les Flamands voyans ceſte non accouſtumée façon de guer¬

391 834 2948 134 royer des noſtres, comme deſeſperez, & hors de toute attente de ſalut, ſ'enfurierent

395 924 2936 138 tellement, qu’ils ſe reſolurent de cherement vendre leur vie, & de ne laiſſer leur rui¬

391 1006 2950 122 ne ſans vengeance, ny les François ſans ſouuenance de ceſte guerre. En ſomme, les Grãd nom

395 1095 2943 149 Flamands tous choiſiz de la multitude (car on tient qu’il n’y auoit point plus haut de brede Fla¬

391 1203 2911 116 dix à douze gentils-hommes outre les Princes & leur train) montoient à plus de ſoi¬

391 1281 2929 138 xante mille combatans, tous hommes reſoluz & preſts à ſe bien deffendre. Les deux

380 1378 2948 123 armées ſe voyent deuant Courtray en vn lieu appellé Groeninghe, & ſont deux ou

380 1475 2956 134 trois iours à ſ'ecarmoucher, mais à la fin le quinzieſme de Iuillet audit an de mille trois spratage¬

383 1561 2946 128 cens deux la bataille fut donnée, auant le choc de laquelle les Flamands qui n’auoient me des Pla

391 1662 2934 127 point de caualerie, feirent tout plein de foſſes couuertes de petits rameaux, & peu mands.

383 1751 2952 112 de terre pour y attrapper les cheuaux, ce qui fut cauſe de leur bonne fortune & vi¬

383 1844 2952 127 ctoire. Et ainſi reſoluz du combat, leurs generaux les exhortent à bien faire, propo¬

383 1919 2952 126 ſans que c’eſtoit contre des excommuniez qu’ils auoient à faire, & contre les plus

376 2019 2963 120 cruels & iniuſtes hommes du monde: ioint que la neceſſité eſtoit telle qu’il falloit

376 2105 2967 123 ou vaincre, ou mourir,car ſans la victoire,ils ne pouuoient eſchapper d’vne captiuité

376 2191 2967 138 la plus miſerable que iamais peuple eut encor' enduré, veu la haine que les chefs Frã¬

376 2284 2970 134 çois portoient à la nation Flamande. En noſtre camp bien que la gaillardiſe y fut grã¬

380 2382 2965 110 de,ſi eſt-ce que les opinions y eſtoient diuerſes,le Comte d’Artois voulant donner la Diuerſité

380 2470 2962 134 bataille à quelque pris que ce fut, là où le ſeigneur de Neelle Conneſtable, ne le trou-d’opinions

376 2560 2980 138 uoit pas bon, ayant eſgard à l’aſſiette du camp ennemy qui eſtoir retrenché, & auoic au camp

376 2660 2955 112 à dos la riuiere du Lys, & par tous coſtez eſtoit flanqué, où noz gens ne pouuoient

380 2742 2963 127 penetrer ſans leur ruine manifeſte. Conſeilloit de les tenir comme aſſiegez, veu qu’ils

376 2847 2963 119 ne pouuoient nuire aux garniſons de Courtray, & que facilement on les affameroit,

380 2944 2963 108 & puis apres on les feroit venir à telle compoſition qu’il plairoit au general. Mais

376 3022 2970 115 quoy? Dieu ne voulut permettre que le ſeigneur d’Artois eſcoutaſt le conſeil de ce

376 3111 2967 116 bon & ſage vieillard, ains commanda ſur l’heure qu’on aſſaillit les Flamands, leſquels

376 3201 2971 112 il dict eſtre ſupportez du Conneltabie qui auuit farle la lie comne dit cit ja Uun- Lardeur

372 3286 2945 131 laume fils du Comte Flamand, & l’vn des chefs de ceſte reuolte. La haſtiueté, & trop

380 3383 2951 134 grande ardeur que les François ont au combat leur a eſté ſouuent dommageable, & graησοιε

376 3476 2966 126 ſur tout en ceſte bataille, laquelle commença à neuf heures du matin au iour ſuſdit a-4ux cem¬

376 3562 2946 137 uec vne telle furie & maſſacre de Flamands par la Caualerie, que peu ſ'en fallut que bats.

376 3670 2967 112 ce premier r’encontre n’accablaſt toute leur force & puiſſance: mais comme les no¬

376 3760 2944 119 ſtres pourſuiuiſſent leur pointe d’vne grande animoſité, ils ſe veirent precipitez és foſ- Deffaicte

376 3838 2946 123 ſes dreſſées par l’ennemy, où les Flamands à beau coup de maillets de fer, & de plõb des Fran¬

376 3946 2946 116 les aſſommoient comme pourceaux. Ce fut icy que perit la fleur de nobleſſe de Fran-çois à Cour

376 4017 2951 134 ce, & la plus braue caualerie de l’vniuers, & moururent des plus vaillans & hardis tray.

376 4125 2959 119 Princes & guerriers de l’Europe, entre leſquels furẽt Robert Comte d’Artois couſin

380 4211 2933 134 germain du Roy & general de ceſte armée: lacques ſeigneur de Condé frere du Cõte

380 4296 2988 130 de S.Pol,iſſu des Cõtes de Blois, & par-ainſi parẽt proche de la Roine de Frãce & de morteè la

387 4390 2932 130 Nauarre: Raoul Cõte d’Eu, & ſeigneur de Neelle Cõneſtable de France & des plus bataille de

380 4498 2951 111 ſages guerriers de ſon tẽps: Geoffroy de Brabãt auec ſon fils: les Cõtes de Dreux, & Courtray.

380 4583 2959 108 de la Marche, d’Auge, & Robert d’Aumale, le fils du Cõte de Henaut, Guy de Neelle

383 4673 2952 115 frere du Conneſtable Raoul, lequel eſtoit Mareſchal de France, Regnaut de Trie,

387 4758 2948 120 vaillant & renommé Cheualier, Iean Comte de Tancaruille, grand Chambellan:

387 4859 2956 116 Pierre de la Flotte cauſe de tous ces maux pour auoir conſeillé le ſeigneur de Chaſtil¬

383 4934 2952 126 lon de faire les mauuais traictemens deſquels il vſoit ſur le pauure peuple, & le cry

391 5034 2937 116 duquel Dieu ayant ouy, en feit icy la vengeãce: qui fut telle qu’il y demoura deux cẽs

387 5120 2937 127 cheualiers de nom: entre leſquels furent les Comtes de Dammartin, de Soiſſons, &

391 5224 2933 108 vn Allain que l'hiſtoire de la vie de Philippe que i’ay eſcrite à la main, dict auoir

387 5299 2933 127 eſté fils du Duc de Bretaigne, mais ie ne ſçay ſ'il eſtoit baſtard, veu que l’hiſtoire Bre¬

387 5403 2933 119 tonne, ny les Annales de Vitré n’en font mention quelconque, & toutesfois penſé¬

387 5485 2937 123 ie qu'il eſtoit de la maiſon, car autrement l’hiſtorien qui parle de ce qui eſt aduenu de

387 5571 2933 149 ſon temps n’en euſt faict ſi honnorable memoire, le mettant parmy les plus illuſtres

387 5671 2930 187 de France. Lequel nomme en outre le ſeigneur de Genly, Henry de Ligny: Ferrand

3324 1185 253 104 mands à

3335 1259 254 123 Courtray.

3350 2638 183 142 Royal.

3350 3275 280 123 dommagea

3350 3354 224 96 ble aux

3335 4144 280 145 Trinces &

3343 4267 234 111 ſeigneurs
