4228 6716
1119 78 1478 261 SEPTIEME.

3074 93 236 276 423

361 313 2960 235 droit par où ils paſſeroyent: afin d’auoir meilleur

365 492 2952 209 moyen de leur courir ſus, & les deffaire. Ce que

361 652 2956 213 les Payſans feirent, à meſure que ces troupes de¬

361 813 2956 183 ſcendoyent d’vne montagne, à deux lieuës d’O¬

365 966 2959 209 rillac, le Tocſain entendu par la garniſon de Rol¬

365 1134 2956 209 liac (qui auoir veu paſſer pres d’eux ceſte trou¬

380 1298 2941 205 pe, à la file, & mal ordonnée, eſtoyent ſortis pour

369 1451 2967 205 leur faire vne charge) ſe haſterent dauantage, &

373 1604 2929 220 trauerſant la montagne, par vn ſentier deſtour¬

376 1768 2922 205 né, vont donner dedans, au village ou ſonnoit le

391 1932 2911 205 Tocſain. Et donnerent deſſus ſi à propos, qu’auãt

388 2104 2914 179 d’eſtre recogneus, ils en tuerent vn nombre, & ſe

384 2253 2914 194 retirerent auec quelques priſonniers. Neant¬

391 2425 2911 197 moins les troupes monterent iuſques au deſſus

388 2570 2907 205 du village, eux eſtans rangés en battaille, deſ¬

388 2738 2925 202 couurent comme de tous coſtés accouroyent

403 2899 2914 205 gens, par les cimes des montaignes, qui venoyent

406 3055 2904 217 pour les deuancer en vn deſtroit par où il leur

395 3216 867 201 falloit paſſer.

477 3380 2881 209 D’ailleurs ils furent auſſi aduertis par leurs

406 3548 2993 198 guydes, que toutes ces communes s’amaſſoyent

410 3704 2944 198 pour leur courir ſus en ce deſtroit. Furent con¬

403 3869 2955 197 traints de tourner bride, & dés ce meſme ſoir re¬

403 4033 2966 201 tourner en Arpaion, d’où ils eſtoyent partis, où

403 4190 2959 197 ils attendirent quel qu’autre moyen de pouuoir

417 4350 2952 198 paſſer, qu’ils trouuerent au mois de Nouembre

417 4507 2937 201 enſuyuant. Paſſans le Lot au deſſus de Cadenat,

410 4667 2970 183 ſi bien qu’apres auoir paſſé, & trauerſé les mon- Mirabel

410 4828 2971 182 tagnes de Rouergue, & les Sauenes, ils arriuerent enfin ar¬

417 4988 2949 201 ſans aucun empeſchement, à Priuas & Aubenas, riue en

417 5156 2843 190 villes que les Proteſtans tenoyent au Viuarez. Viuarez.

543 5316 2833 196 Les autres reſtoyent à Orillac, où Verbelet Nombre

414 5473 2946 190 (recogneu pour Gouuerneur) ordonna, que ſept de la gar

414 5619 2968 347 cents harquebuziers à pied, & trois cents ſalades niſond'O

3336 1660 507 205 Mirabel

3336 1846 522 217 est empeſ

3336 2018 455 187 ché par

3332 2160 545 205 les cõmu¬

3336 2324 526 213 nes &

3343 2499 545 194 garniſons

3336 2652 544 202 de faire

3354 2809 530 202 ſonvoya¬

3354 2973 534 179 ge en Lã¬

3354 3137 456 187 guedoc.

3369 5779 381 224 rillac.
