1484 2071
802 132 234 47 HIS TOIRE

518 190 795 40 chancenſer furent aun domeners, pour parier aux d¬

520 215 793 53 ſtats y aſſemblez. Auſquels le Roy de Nauarre derechef

519 255 791 48 fit entendre les detes du Roy, les pria de s’employer à

516 289 793 53 le ſecourir au payement d’icelles, offrant les leur faire

522 444 787 51 ſe ſouſmettoit à la repetition d’iceux: diſant qu’il s’aſ¬

519 482 790 50 ſeuroit bien, qu’il ne s’en trouueroit point. Mais ce pro¬

518 518 792 54 pos ne fut agreable à tous. Finalement toutes ces cho¬

518 556 791 50 ſes executees, fut auiſé de remettre les eſtats au premier

516 597 790 49 iour du mois de May prochain enſuiuant, pour purger

515 633 791 56 la nullité pretendue, par les de putez des balliages Pro¬

518 678 788 44 teſtans. Et fut ordonné, que pour donner auis des moy¬

519 713 787 52 ens propres, pour tirer commodement deniers pour

515 749 792 54 l’acquit des detes du Roy que les eſtats particuliers en

514 788 796 54 chacune prouince s’aſſembleroient, & deux deputez de

515 826 791 47 chacune des treize gouuernemens du royaume, tant

514 860 790 55 ſeulement ſe trouueroient à l’aſſemblee generale, aſſi¬

515 900 794 57 gnee en la ville de Ponthoiſe, tant pour euiter aux frais

518 940 791 55 que à la confuſion d’vne trop grande multitude de per¬

513 976 793 57 ſonnes. Quelques iours au parauant le Cardinal de Lor¬

514 1015 792 50 raine voulant ſe retirer, & s’abſenter d la cour, print

515 1053 790 50 occaſion de ce faire ſur la reſidence, qu’il vouloit aller

515 1095 791 49 faire en ſon archeueſché de Reims. Reſte la harengue

516 1129 787 59 de Quintin, lors que les eſtats prindrent congé du Roy

516 1175 338 43 qui ſuffira pour toutes.

550 1203 757 52 Sire, voſtre Maieſté viue & parfaite image des Rois

519 1242 787 51 Treſ-chreſtiens vos predeceſſeurs: auſſi la douceur &

515 1282 790 51 bonté qui ſe monſtre & reluit en voſtre Royal viſage,

513 1324 793 46 conioint auec la puiſſance que Dieu par ſa ſouueraine

515 1361 789 48 grace vous a impartie, vous appellant à dominer en ſi

514 1399 791 51 haute monarchie. Ces trois choſes, Sire, font que ceſte

514 1434 790 58 preſente compagnie Eccleſiaſtique, enſemble tout le re¬

514 1475 792 51 ſte du Clergé, qui l’a cy vers vous enuoyee, ſe promet &

512 1512 792 55 aſſeure, que comme il appartient à vn Roy Treſ-chre¬

514 1549 789 56 ſtien, vous pouruoirez à tout ce qu’en humilité par vn

514 1587 791 51 deſir de voir les choſes reduites à boneſtat, vous a bien

514 1629 783 47 amplement remonſtré par parolles, & auſſi pareſcript,

513 1667 792 47 depuis le temps qu’il vous a pleu luy donner audience.

514 1706 792 65 Satiffaiſant à l’office & deuoir de Roy, qui eſt deliurer

1246 1739 58 75 ſæ

390 127 122 61 Ianliler.

386 171 77 60 1561.

381 333 140 48 Les romon voir par le menu, ainſi qu’ils auoient requis. Et aiouſta,

378 375 143 44 stràcus fai que s’ils trouuoient par les comptes, qui leur ſeroient

382 406 139 44 tes aux e- communiquez, aucuns dons immenſes à luy faits, qu’il

382 436 132 47 ſtats par la

384 470 126 45 Rͅ de N.

383 508 87 51 varre
