4096 5604
1747 245 199 165 432 HVICTIESME LIVRE DE

1881 370 1947 156 Frodoart Preſtre de Rheims, fit auſſi des

1734 513 2094 156 Annales en forme de Chronicon depuis 919.

1728 635 2103 168 iuſques à 966. auec le ſupplemẽt de peu d’au¬

1725 762 2100 162 tres années. Puis la ſuitte iuſques à l’an 990.

1728 887 2103 165 tirée des Chroniques de Guillau. de Nangis

1734 1018 2100 161 Moine de S. Denys, que Mr. Pitou docte per¬

1734 1142 2103 171 ſonnage, & non moins louable pour ſa curio¬

1734 1270 2106 165 ſité des choſes anciennes, que pour le bon zele

1734 1407 2106 159 à l’inſtruction de ſes ſuruiuans, nous a repre¬

1738 1528 2105 168 ſenté auec quelques autres Autheurs qui n’e¬

1738 1656 2108 159 ſtoient imprimez, comme le Chronicon d’O¬

1734 1787 2115 140 doramus Moine de S. Pierre vif de Sens. Auec

1744 1905 2102 177 vn fragment tiré dé l’Abbé Conrad, iuſques

1747 2036 2102 177 922. & la cenealogie de S. Arnould Eueſque

1738 2169 2111 144 de Metz. Enſemble les vies de Charlemaigne

1747 2297 2102 153 & de Loys ſon fils. Plus les diſſentions des

1750 2422 2103 165 enfans de Loïs eſcrites par Nithard Angilbert

1753 2549 2090 162 petit fils de Charlemaigne de par Berthe ſa fil¬

1747 2680 2099 171 le, auec diuers autres petis fragmens aſſez pro¬

1753 2814 1343 159 pres à l’hiſtoire des François.

1840 2926 2013 171 Pierre Benthori Poëteuin, Prieur du Mona¬

1753 3060 2096 162 ſtere S. Eloy de Paris de l’ordre de S. Benoiſt,

1747 3188 2112 168 fit vn Breuiaire des Hiſtoires de la Bible. Et

1753 3315 2096 168 vn liure de Coſmographie, auec autres eſcris.

1750 3440 2112 171 Puis à l’inſtance du Roy Iean qui ſe plaiſoit

1747 3567 2115 159 en ſes œuures : il tourna T. Liue de Latin en

1753 3701 2106 175 François, duquel noz nouueaux Interpretes

1756 3832 2106 168 ſe ſont fort aydez ſans le nommer, & n’y ont

1812 4069 2050 190 Ado Eueſque de Vienne en Dauphiné, dreſſa

1769 4209 2084 171 vn Chronicon de tout le Monde, & particu¬

1753 4330 2109 196 lierement de l’Eſtat François, iuſques à l’an

1769 4483 233 202 980.

3473 4576 386 215 Regino

1298 3985 479 171 Ingrats eſcri, pourtant mis la derniere main.

1301 4143 281 119 nains.
