4096 6616
492 415 2850 158 omvs, d’autãt que durant ceſte guerre Abderrahamen Roy, & Miramolin d’Eſpaigne

492 536 2846 125 ſeant à Cordoüe (que Sigebert appelle Amirmonon) enuoya vers luy Embaſſadeurs

485 617 2860 138 auec preſents, pour le requerir de paix, & demander ſon amitié, & alliance, & ſous Pepinre¬

485 716 2854 138 lequel ſembloit que fleſchit l’Italie. Par ce moyen Pepin ſe dit, & porta pour Seigneur aus d'al¬

485 793 2860 149 d’Aquitaine, laquelle il auoit ſi long temps querellee comme ſon premier heritage qui liance par

485 898 2849 127 luy eſtoit eſcheu en gouuernement par le decez de ſon pere: & ayant accablé ſon en-les Mores.

489 992 2853 129 nemy, il ſe retira à Saintes vers ſa femme pour voir continuer le baſtiment ſuſdit de

489 1073 2849 136 l’Egliſe ſaint Pierre, tandis que ſes enfans, & Capitaines ſeroient ententifs à repren¬

489 1179 2853 133 dre les places qui tenoiẽt encor le party du Duc, & leſquelles hauçoient la teſte pour

489 1264 2845 125 ſçauoir qu’il y auoit encor' des Princes du ſang Ducal, à ſçauoir Hunauld, & Loup,

492 1348 2846 129 deſquels parlerons en la vie de Charle-maigne, & qu’vn fils d’Eude viuoit encor, du¬

489 1451 2845 118 quel il faut que (auant que paſſer outre) ie vous die quelque choſe, ſuyuant que ie l’ay

485 1532 2843 133 recueilly de l’hiſtoire Eſpagnole, laquelle en parle en ceſte ſorte. Entre vn grand nõz Eſt de Ga¬

485 1631 2843 127 bre de Seigneurs, & Cheualiers qui vindrent ſ'offrir au ſeruice de Don Garcie Yni-riuay li¬

485 1714 2838 143 guez Roy de Nauarre, aucuns auteurs tiennẽt & afferment que ce Roy ſe ſeruit, & ai-21.de l'hi¬

485 1797 2838 154 da beaucoup d’vn Seigneur de grand, & illuſtre lignage, à ſçauoir d’Aznar fils d’Odon, ſtoire Eſ¬

485 1896 2832 127 ou Eude iadis Duc d’Aquitaine. Car apres la mort de ſon pere voyãt Martel enflam-peig.ch.9.

489 1992 2823 136 mé à la pourſuite de ſon ſang, & ſes freres ententifs à ſe deffendre de l’Auſtraſien, il

491 2061 2843 160 paſſa en Biſcaye, & vint au ſeruice, & à la ſuite du ſuſdit Roy Nauarrois Dom Garcie' puc Eude

500 2172 2820 136 Yniguez, lequel il ſeruit ſi vaillamment, & fidellement contre les Mores, qu’ayãt gai¬

496 2271 2835 125 gné, & conquis à force d’armes les terres qui ſont entre les riuieres d’Aragon, & Su¬

491 2348 2843 144 bordan, le Roy l’en inueſtit auec le tiltre, & nom de Comte d’Aragon enuiron l’an AZnar

485 2442 2843 132 ſept cens ſeptante. Il ſe lyt en aucunes hiſtoires que ce Don Aznar Comte d’Aragon fait Cãte

502 2530 2832 132 vainquit, & occiſt en vne ſanglante bataille quatre Roytelets Mores qui eſtoient ve-d'Aragο̃.

507 2624 2827 114 nus auec grande puiſſance contre la cité de Iacà aſſiſe ſur les frontieres d’Aragon, &

496 2712 2842 129 de Nauarre, & ayant coupé leurs teſtes, les feit paindre en ſon Eſcuſſon, & les porta

496 2808 2846 117 depuis pour armoiries. De ce Dom Aznar parle auſſi Lucie Marinee Sicilien en l’hi¬

485 2900 2849 132 ſtoire d’Aragon, diſant ainſi. En ce meſme temps y eut vn ſegnalé, & grand Seigneur LucieAfar.

485 2993 2854 122 nommé Aznar, lequel ſe feit ſouuent cognoiſtre en pluſieurs rencontres, & mettant li.1. de

485 3076 2832 132 à fin pluſieurs entrepriſes merueilleuſes, entre les choſes dignes de memoire qu’il feit, l'hiſt. d’A

485 3159 2849 149 ayant auec luy bon nombre de Chreſtiens hommes de marque, & fort vaillants, & qui ragon.

489 3263 2853 129 auoient vn grand zele, & affection au bien & auancement de la foy Catholique, il paſ¬

489 3359 2849 107 ſa le fleuue nommé Aragon (duquel le pays eſt renommé) & conquerant pour les

485 3434 2854 127 Chreſtiẽs pluſieurs places & Chaſteaux, il gaigna auſſi la cité de lacà, laquelle eſt ain- Iacà cité

485 3528 2860 132 ſi nommee, à cauſe du lieu de ſon aſſiette, qui eſt vn vallon en vne belle plaine entou-d'ous ainſi

485 3616 2860 127 ree de monts, de telle ſorte qu’il ſemble qu’elle ſoit là couchee, & giſante. Ayant mis nommee.

492 3730 2861 114 fin à ces entrepriſes & conqueſtes, il fut appellé Comte de la Prouince d’Aragon, à

492 3811 2853 110 cauſe que luy le premier paſſa le fleuue Aragon allant contre les Mores. Ceſtuy mou¬

485 3886 2865 133 rant honnoré de pluſieurs tiltres & victoires, il laiſſa vn fils nommé Galinde qui fut Galinde

496 3991 2849 127 auſſi Comte d’Aragon, & la fille duquel fut mariee à Dom Fortuné Roy de Sobrarbe, filsd'AZ¬

491 4063 2854 132 lequel par ce moyen vint à la ſucceſſion de ſon beau pere, lequel deceda ſans hoir nar Comte

485 4162 2860 132 maſle. I’ay fait ceſte petite digreſſion tout à propos, afin & d’embellir noſtre hiſtoi-dAragõ.

496 4278 2842 99 re, & de faire voir que bien qu’Eude & Vaifer ayent eſté deffaits, & que leur patri¬

492 4344 2842 114 moine ait eſté enuahy parles Auſtraſiens, ſi eſt-ce que leur poſterité a eu l’heur que

496 4443 2835 111 d’eſtre chef d’vne honnorable, illuſtre, & Royale famille: afin que les Aquitaniens ſe

491 4526 2832 138 vantent que le reſtabliſſement des Royaumes Eſpaignols eſt deu à leur vaillance. Or Pepin tõbe

485 4598 2838 165 reuenans à Pepin, il ne iouyt guere long temps, ny de la victoire gaignee ſur Waifer, malade à

491 4713 2832 122 ny des terres vſurpees ſur les enfans, & parents de ce Duc, car ſ'eſtant arreſté à Sain-Saintes.

492 4803 2831 114 tes (pour les raiſons ſus-alleguees) il tomba malade, ce qui fut cauſe que craignant de

485 4884 2838 138 mourir, comme il eſtoit fort deuotieux, ſe feit porter à Tours en l’Egliſe ſaint Mar- Pepin à

485 4973 2832 132 tin honnoree par les Roys ſes predeceſſeurs, où il feit ſes prieres emmenant touſiours Tours pour

480 5061 2843 138 auec luy la mere, ſœurs, & niepces de Waifer, qu’il traictoit auſſi doucement que ſi prier en

491 5149 2826 154 c’euſſent eſté ſes propres parentes. Mais voyant que ſa maladie prenoit long cours, Martin.

481 5248 2828 129 il ſ'en vint à Paris, & fut faire ſes oraiſons, & accomplir ſes vœux en l’Egliſe ſaint De¬

481 5347 2842 118 nys, à laquelle il donna vn ornement treſ-riche & treſ-precieux fait d’or, & embelly

485 5443 2838 162 de pluſieurs pierres precieuſes, lequel auoit eſté à Vaifer, & lequel ce Prince ſouloit

1331 283 1242 187 PEPIN. LIVRE II.

3184 294 154 176 149

3349 1981 239 92 ATnar

3334 2043 192 107 fils du

3327 5149 243 107 l'Egliſe s.
