4096 5696
987 259 760 171 SEPTIEME.

2329 316 143 146 159

193 420 2294 174 retirer au grand galop, eſtimans tout perdu: aux pre¬

183 547 2301 152 miers & plus hardis deſquels les portes de Paris ne

186 651 2298 159 ſ'emploient aſſez prochaines, ſi le Duc d’Aumale, Ma¬

183 762 2304 158 reſchal d’Anuille, & quelques autres ne les eufſent

183 876 2298 158 raſſeurez: proteſtans d’y mourir pluſtoſt qu’autre mal

183 987 2285 152 leur aduint que la peur qu’ils en auoient ia conceuë.

183 1101 2295 158 Dont ils ne furent moins contens que ioyeux de voir

180 1199 2297 172 bien faire au Mareſchal de Montmorency: lequel a- Le deuoir du

180 1348 2295 142 uoit vn peu comiunena Peiquance d'inende incertaili Mareſchal

177 1427 2299 183 aucunes des troupes du Prince:en fin renuerſa les plus de Montmo¬

174 1531 2299 184 aſſeurez eſtendues ſur la place, mettant le reſte à vau rency.

177 1648 2295 158 de route: qui apporterent vn grand eſpouuantement

174 1765 2291 162 à toute leur infanterie, notamment à celle de l’Admi¬

174 1870 2298 161 ral & du Prince, qui ne l’ayant peu ſuyure marchoit

177 1987 2291 158 pour entretenir l’eſcarmouche auec les gens de pié Ca¬

170 2088 2295 174 tholiques (car les fantaſſins ne ſ'eſprouuerent autre¬

167 2202 2305 158 ment.) Ceux-cy rencontrez par ces armes fuyardes fu¬

167 2310 2301 167 rent entierement rompus: à pluſieurs meſmes les che¬

170 2427 2302 167 uaux paſſerent ſur le ventre, qui ſ'en trouuerent bien

167 2522 2305 183 ſcandaliſez & fort mal edifiez de ceſte iournee. Ce

170 2642 2305 171 fut lors que chacune cornette tira la part où elle en¬

167 2756 2305 177 tendoit les plaintes du general: car en moins de rien

167 2860 2305 177 laiſſant chacun l’auantage qu’il penſoit auoir, tourna

164 2977 2311 171 face: les Catholiques au cris du Conneſtable, les Pro¬

167 3085 2305 180 teſtans au Prince de Condé, qui ſe plaignoit de ſon

164 3208 2301 146 cheual, lequel pour auoir les flancs trauerſez d’vne

164 3300 2308 177 lance, & offencé de quelque plombs, commençoit à

161 3401 709 155 fondre ſous luy.

174 3518 2304 200 Par ce moyen la place du conflit fut peu à peu & Retraitte.

158 3642 2292 167 en moins de rien vuide de combatans: tant pour l’in¬

158 3746 2301 168 conuenient aduenu aux deux Generaux, que d’autant

161 3851 2295 177 qu’ils voioient tous le iour baiſſer & venir à ſon de¬

158 3965 2298 170 clin: ſi que le brun de la nuict en inuita beaucoup à ſe

151 4069 2305 184 retirer. Le Prince ne ſe veit pluſtoſt remonté que ſon

151 4177 2295 189 cheual luy tomba roide mort à ſes pieds. L’Admiral

151 4294 2299 186 retité de la charge, & voyant les Catholiques accourir

151 4404 2299 181 de toutes parts au ſecours de leur chef, tourna vers la

151 4528 2286 168 troupe du Prince pour ſe rallier, & y deliberer au ſur¬

155 4623 2285 180 plus de la iournee. Mais la nuict tombant en ces en¬

145 4734 2282 202 trefaites mit fin, & au iour & au combat, qui dura peu
