1484 2071
812 120 216 56 HISTOIRE

534 159 794 59 ronné & venant à conferer des affaires de la Chreſtien¬

536 212 794 48 té auec le Pape Clement: fit propoſer par ſon chancelier

538 321 788 52 qui eſtoit en controuerſe. A ceſte propoſition le Pape

537 362 789 47 contredit aigrement remonſtrant qu’il n’eſtoit beſoin

541 402 791 40 d’aſſembler le cõcile ny pour les doctrines, veu que les

541 438 788 50 nouueles opinions auoient eſté refutees & damnees par

544 474 789 54 les anciens conciles: ny pour diſcipline Eccleſiaſtique,

541 513 792 53 Iaquelle y auoit eſté ſi bien ordonnee touchãtles meurs

543 551 791 54 qu’il n’eſtoit requis que de faire garder les decrets qui

542 590 792 47 ſurce y auoient eſté faits. Mais l’Empereur ne demoura

543 625 792 56 ſatiffait de ceſte reſponce:ains repliqua que les grandes

542 665 792 54 aſſemblees ne pouuoient eſtre que bonnes, tant pour re

543 704 791 48 trãcher le mal qui de iour en iour pouuoit croiſtre, que

544 743 792 52 pour rememorer, rafrechir & conſeruer ce qui auoit eſté

544 778 792 51 introduit au parauant, & empeſcher qu’il ne fuſt oublié

544 818 793 52 ains entretenu touſiours en vigueur. Et ſuiuant ceſte

544 856 791 51 ſaincte deliberation, perſiſta toute ſa vie en ce propos.

544 893 791 49 de procurer le concile. Ou à la fin il ne trouua plus grãs

543 969 793 51 obſeruoient de faire conciles de 5.ans, en 5.ans, comme

539 1007 796 54 il ſe peut voir par les decrets. Et quand aux nationnaux

542 1048 794 50 par le diſcours des hiſtoires de France, à commencer du

542 1084 793 55 roy Clouis iuſques à Charlemagne & depuis iuſques au

541 1124 794 49 Roy Charles7. l’on trouuera quaſi en tous ces regnes,

542 1160 794 52 aſſemblee de l’Egliſe Gallicane. Maintenant de tout le

542 1197 796 50 Roiaume, autresfois de la moitié, par fois de deux ou

541 1235 795 53 troisProuinces. Dont iamais ne proceda que grãd fruit,

541 1274 799 51 comme de reformer les meurs qui peu à peu ſe corrom¬

542 1313 796 52 pent & bien ſouuent les doctrinesſelon que les occaſiõs

541 1348 799 56 ſe preſentoient. Lon ne doit donc plus differer à ſuiure

543 1391 798 52 le chemin que nos maieurs ont tenu, ny craindre en ceſt

543 1428 798 48 endroit d’eſtre accuſez de nouueleté, puis que nous en

545 1465 796 54 auons tant d’exemples, ny eſtimer qu’il en puiſſe auenir

541 1502 801 51 autre choſe que bien: puis que Dieu aſſiſte à ceux qui

546 1545 796 49 ſont aſſemblez en ſon nom:ny auſſi plus attendre, puis

546 1578 796 55 que la neceſſité nous preſſe de ſi pres, que ſans nous ha¬

545 1616 799 52 ſter nous voions les preſages de la de ſolation qui nous

545 1656 801 46 repreſentent & mettent deuant les yeux l’exemple &

543 1689 807 75 poure eſtat des Egliſes de ludee, Egypte, Crece, Afrique

1312 1736 41 58 &

407 121 83 55 Iuin,

411 167 81 51 1559.

406 247 129 46 Les Papes le concile:tãt pour reformer les mœurs Eccleſiaſtiques

406 284 137 50 vefuſent les qui eſtoient corrompus: que pour eſtablir la doctrine

405 321 106 47 coneiles.

415 943 133 48 Concile Na aduerſaires que ceux qui le doiuent procurer. Les anciẽs

413 991 106 47 tiomal.
