2382 3368
540 142 732 78 AVANT- DISCOVRS.

209 203 1411 111 naturel & rendre tout en latin. Ainſi qu’ils faiſoient

213 304 1405 105 en Grece, Affrique, Eſpagne, & autres Prouinces

224 391 1396 99 par eux domtées. Teſmognage d’vn vil naturel

218 473 1404 88 François & vilaine marque d’vne trop malheureu

215 561 1403 78 ſe ſeruitude de nos peres: dont la memoire ſe de¬

218 643 1404 79 uroit pluſtoſt effacer du meilieu de nous que de

217 720 1401 99 la rafrechir par vn ſi ſot acte, que de ne parler que

213 812 1401 97 la langue d’vn peuple tant de fois par nous vaincu.

215 892 1403 90 Comme ſçauoit bien dire ce furieux capitaine Ma

215 972 1399 98 rius ſept fois Cõſul, à ceux qui tachoient luy per¬

217 1055 1401 97 ſuader, qu’il a prinſt la lãgueGrecque. Si vous auez

218 1137 1398 88 dit il, beaux moyẽs de viure, voulez vous tãt vous

218 1227 1400 94 abaiſſer, que de prẽdre ceux de vos eſclaues? Car

217 1306 1403 99 les Grecs eſtoiẽt lors ſerfs des Romains. Sãs doute

218 1393 1400 90 c’euſt eſté les rẽdre eſgaux,voire aucunement ſupe

218 1478 1402 84 rieurs aux Romains leurs maiſtres. O qu’il n’euſt

224 1567 1396 87 pas fallu arraiſonner le plus graue des Romains ſur

222 1637 1406 106 telles apparãces de raiſons. Caril ne trouuoit non crſtoit Ca¬

220 1725 1408 108 ſeulemẽt mauuais de parler Grec. Mais auſſi de liſ-ton le Cen¬

220 1818 1413 98 re autrement que par vn leger plaiſir & com en print le

222 1895 1405 101 paſſant les eſcris de ce peuple. Leſquels ilpro Grec ſur ſes

222 1979 1387 88 teſta tant de fois' & de viue & de morte voix,

224 2067 1398 86 deuoir eſtre la ruine des bones meurs, & par conſe

224 2146 1400 103 quent en fin la ſubuerſion de leur eſtar. Il n’en faut

226 2232 1396 101 prendre d’autre teſmoignage que les raiſons por¬

226 2314 1366 99 tées par la harangue qu’il fit en plain Senat: luy

228 2400 1399 83 voulant deſperſuader, non ſeulemẽt de n’ouir en Cats de

230 2479 1381 93 public,ains auſſi de ne receuoir les Ambaſſadeurs

230 2559 1390 114 que les Grecs luy enuoyoient pour le recher-meApion.

230 2647 1390 116 cher de ſecours. Mais le propos qu’il tint a

1274 2729 41 101 E

1624 1785 206 82 ſeur qui a

1633 1968 204 64 vieux ans.

1627 2017 240 88 Cicer. 1.off.

1633 2282 161 94 Cictron.

1624 2353 131 73 Pline.

1627 2471 154 73 origin.

1624 2526 243 89 toſeph. con¬
