<?xml version="1.0" encoding="UTF-8"?>
<alto xmlns:xsi="http://www.w3.org/2001/XMLSchema-instance"
      xmlns="http://www.loc.gov/standards/alto/ns-v4#"
      xsi:schemaLocation="http://www.loc.gov/standards/alto/ns-v4# http://www.loc.gov/standards/alto/v4/alto-4-2.xsd">
  <Description>
    <MeasurementUnit>pixel</MeasurementUnit>
    <sourceImageInformation>
      <fileName>page_062.jpg</fileName>
    </sourceImageInformation>
  </Description>
  <Tags>
    <OtherTag ID="BT7" LABEL="CustomZone" DESCRIPTION="block type CustomZone"/><OtherTag ID="BT8" LABEL="DamageZone" DESCRIPTION="block type DamageZone"/><OtherTag ID="BT9" LABEL="DigitizationArtefactZone" DESCRIPTION="block type DigitizationArtefactZone"/><OtherTag ID="BT10" LABEL="DropCapitalZone" DESCRIPTION="block type DropCapitalZone"/><OtherTag ID="BT11" LABEL="GraphicZone" DESCRIPTION="block type GraphicZone"/><OtherTag ID="BT12" LABEL="MainZone" DESCRIPTION="block type MainZone"/><OtherTag ID="BT13" LABEL="MarginTextZone" DESCRIPTION="block type MarginTextZone"/><OtherTag ID="BT14" LABEL="MusicZone" DESCRIPTION="block type MusicZone"/><OtherTag ID="BT15" LABEL="NumberingZone" DESCRIPTION="block type NumberingZone"/><OtherTag ID="BT17" LABEL="QuireMarksZone" DESCRIPTION="block type QuireMarksZone"/><OtherTag ID="BT18" LABEL="RunningTitleZone" DESCRIPTION="block type RunningTitleZone"/><OtherTag ID="BT19" LABEL="SealZone" DESCRIPTION="block type SealZone"/><OtherTag ID="BT20" LABEL="StampZone" DESCRIPTION="block type StampZone"/><OtherTag ID="BT21" LABEL="TableZone" DESCRIPTION="block type TableZone"/><OtherTag ID="BT22" LABEL="TitlePageZone" DESCRIPTION="block type TitlePageZone"/><OtherTag ID="BT2522" LABEL="MainZone-Continued" DESCRIPTION="block type MainZone-Continued"/><OtherTag ID="BT2523" LABEL="MarginTextZone-Notes" DESCRIPTION="block type MarginTextZone-Notes"/><OtherTag ID="BT2524" LABEL="MainZone-Head" DESCRIPTION="block type MainZone-Head"/><OtherTag ID="BT2525" LABEL="MainZone-P" DESCRIPTION="block type MainZone-P"/><OtherTag ID="BT2526" LABEL="MainZone-Signature" DESCRIPTION="block type MainZone-Signature"/><OtherTag ID="BT2527" LABEL="TitlePageZone-Index" DESCRIPTION="block type TitlePageZone-Index"/><OtherTag ID="BT2528" LABEL="MainZone-Entry" DESCRIPTION="block type MainZone-Entry"/><OtherTag ID="BT2529" LABEL="MainZone-Sp" DESCRIPTION="block type MainZone-Sp"/><OtherTag ID="BT2530" LABEL="GraphicZone-Decoration" DESCRIPTION="block type GraphicZone-Decoration"/><OtherTag ID="BT2531" LABEL="MarginTextZone-ManuscriptAddendum" DESCRIPTION="block type MarginTextZone-ManuscriptAddendum"/><OtherTag ID="BT2532" LABEL="MainZone-Other" DESCRIPTION="block type MainZone-Other"/><OtherTag ID="BT2533" LABEL="MainZone-ListItem" DESCRIPTION="block type MainZone-ListItem"/><OtherTag ID="BT2534" LABEL="GraphicZone-Head" DESCRIPTION="block type GraphicZone-Head"/><OtherTag ID="BT2535" LABEL="MainZone-Lg" DESCRIPTION="block type MainZone-Lg"/><OtherTag ID="BT2536" LABEL="MainZone-Date" DESCRIPTION="block type MainZone-Date"/>
    <OtherTag ID="LT7" LABEL="CustomLine" DESCRIPTION="line type CustomLine"/><OtherTag ID="LT8" LABEL="DefaultLine" DESCRIPTION="line type DefaultLine"/><OtherTag ID="LT9" LABEL="DropCapitalLine" DESCRIPTION="line type DropCapitalLine"/><OtherTag ID="LT10" LABEL="HeadingLine" DESCRIPTION="line type HeadingLine"/><OtherTag ID="LT11" LABEL="InterlinearLine" DESCRIPTION="line type InterlinearLine"/><OtherTag ID="LT12" LABEL="MusicLine" DESCRIPTION="line type MusicLine"/><OtherTag ID="LT749" LABEL="default" DESCRIPTION="line type default"/>
  </Tags>
  <Layout>
    <Page WIDTH="4096"
          HEIGHT="6008"
          PHYSICAL_IMG_NR="60"
          ID="eSc_dummypage_">
      <PrintSpace HPOS="0"
                  VPOS="0"
                  WIDTH="4096"
                  HEIGHT="6008">
        <TextBlock HPOS="887"
                   VPOS="308"
                   WIDTH="726"
                   HEIGHT="174"
                   ID="block_1"
                   TAGREFS="BT18">
          <Shape><Polygon POINTS="1613 308 1613 482 887 482 887 308"/></Shape>
          <TextLine ID="line_1"
                    TAGREFS="LT10"
                    BASELINE="901 430 1649 423" 
                    HPOS="897"
                    VPOS="293"
                    WIDTH="752"
                    HEIGHT="237">
            <Shape><Polygon POINTS="901 530 998 530 998 527 1001 527 1004 527 1004 524 1011 520 1031 497 1054 510 1058 510 1061 510 1064 510 1111 490 1168 507 1205 520 1208 520 1211 520 1215 520 1255 500 1305 477 1372 493 1472 517 1475 517 1478 517 1552 480 1562 473 1649 470 1649 423 1642 327 1578 327 1578 323 1542 293 1538 293 1535 293 1532 293 1528 293 1472 323 1428 293 1425 293 1422 293 1418 293 1415 293 1345 313 1271 293 1268 293 1265 293 1261 293 1258 293 1221 323 1211 330 1191 323 1131 303 1128 303 1124 303 897 320 901 430"/></Shape>
	    <String CONTENT="M.D. LXI."
                    HPOS="897"
                    VPOS="293"
                    WIDTH="752"
                    HEIGHT="237"
                    WC="0.9562692046165466"></String>
          </TextLine>
        </TextBlock>
        <TextBlock HPOS="1875"
                   VPOS="273"
                   WIDTH="1705"
                   HEIGHT="249"
                   ID="block_0"
                   TAGREFS="BT18">
          <Shape><Polygon POINTS="3580 273 3580 522 1875 522 1875 273"/></Shape>
          <TextLine ID="line_0"
                    TAGREFS="LT10"
                    BASELINE="1856 427 3585 447" 
                    HPOS="1852"
                    VPOS="253"
                    WIDTH="1733"
                    HEIGHT="251">
            <Shape><Polygon POINTS="1852 457 1896 473 1899 473 1902 473 2286 467 2480 463 2500 473 2533 493 2537 493 2540 493 2543 493 2547 493 2590 473 2620 463 2817 470 2827 480 2844 493 2844 497 2847 497 2850 497 2854 497 2971 483 2997 483 3004 487 3034 500 3037 500 3041 504 3581 504 3585 447 3581 303 3381 297 3354 273 3351 273 3348 273 3344 273 3341 273 3271 297 3264 297 3264 293 3228 263 3224 263 3221 263 3218 263 3094 290 3084 293 3077 290 3011 260 3007 260 3004 260 2840 283 2767 260 2764 260 2760 260 2757 260 2754 260 2717 283 2713 283 2623 257 2620 257 2617 257 2613 257 2557 280 2530 293 2446 293 2426 277 2400 253 2396 253 2393 253 2390 253 2386 253 2316 273 2276 287 2246 273 2206 253 2203 253 2199 253 2196 253 2153 270 2119 287 2012 287 1996 267 1986 260 1986 257 1982 257 1979 257 1976 257 1856 263 1856 427"/></Shape>
	    <String CONTENT="De l’eſtat de la Religion"
                    HPOS="1852"
                    VPOS="253"
                    WIDTH="1733"
                    HEIGHT="251"
                    WC="0.9825601530075073"></String>
          </TextLine>
        </TextBlock>
        <TextBlock HPOS="1259"
                   VPOS="518"
                   WIDTH="2549"
                   HEIGHT="941"
                   ID="block_7"
                   TAGREFS="BT2522">
          <Shape><Polygon POINTS="3808 518 3808 1459 1259 1459 1259 518"/></Shape>
          <TextLine ID="line_2"
                    TAGREFS="LT8"
                    BASELINE="1275 600 3795 624" 
                    HPOS="1275"
                    VPOS="487"
                    WIDTH="2520"
                    HEIGHT="190">
            <Shape><Polygon POINTS="1275 600 1275 654 2697 650 2720 670 2723 670 2727 670 2730 670 2750 670 2864 654 3004 670 3007 670 3011 670 3014 670 3074 654 3788 677 3795 624 3788 534 3458 534 3425 530 3304 507 3301 507 3298 507 3238 527 3228 530 3211 527 3071 497 2817 497 2814 497 2677 520 2557 504 2553 504 2473 520 2460 524 2456 520 2430 500 2426 500 2423 500 2420 500 2360 514 2333 493 2333 490 2330 490 2326 490 2323 490 2320 490 2249 520 2246 524 2159 524 2156 520 2119 490 2116 490 2113 490 2109 490 2002 510 1972 487 1969 487 1966 487 1962 487 1859 490 1856 490 1852 490 1822 514 1789 487 1785 487 1782 487 1732 487 1729 487 1725 487 1722 487 1685 514 1682 517 1275 514 1275 600"/></Shape>
	    <String CONTENT="par extraordinaire, d’autant qu&#x27;elle ſe doit prouuer"
                    HPOS="1275"
                    VPOS="487"
                    WIDTH="2520"
                    HEIGHT="190"
                    WC="0.9957386897160456"></String>
          </TextLine>
          <TextLine ID="line_3"
                    TAGREFS="LT8"
                    BASELINE="1275 740 2303 737 3798 757" 
                    HPOS="1275"
                    VPOS="637"
                    WIDTH="2523"
                    HEIGHT="177">
            <Shape><Polygon POINTS="1275 740 1275 791 1715 774 1926 794 1929 794 2193 781 2219 801 2223 801 2226 801 2229 801 2253 801 2486 781 2573 804 2580 804 2583 804 2587 804 2590 804 2597 804 2673 784 2964 784 3127 807 3141 807 3144 807 3154 807 3244 791 3374 807 3394 811 3398 814 3795 814 3798 757 3795 674 3391 674 3374 667 3301 647 3298 647 3294 647 3201 664 3191 667 3188 664 3167 647 3164 647 3161 647 3157 647 3154 647 3107 664 3104 664 3097 664 2977 647 2974 647 2810 660 2757 664 2734 660 2663 644 2660 644 2657 644 2600 657 2573 664 2567 657 2547 640 2543 640 2540 640 2056 637 2053 637 2049 637 2046 637 2026 650 2012 660 1892 660 1879 650 1866 637 1862 637 1859 637 1856 637 1275 640 1275 740"/></Shape>
	    <String CONTENT="par miracles, ainſi que Moyſe excité de Dieu pour"
                    HPOS="1275"
                    VPOS="637"
                    WIDTH="2523"
                    HEIGHT="177"
                    WC="0.9987685811519623"></String>
          </TextLine>
          <TextLine ID="line_4"
                    TAGREFS="LT8"
                    BASELINE="1271 871 3798 887" 
                    HPOS="1268"
                    VPOS="771"
                    WIDTH="2530"
                    HEIGHT="173">
            <Shape><Polygon POINTS="1271 871 1268 901 1432 927 1435 927 1542 907 1699 924 1702 924 1809 911 1869 931 1872 931 1876 934 2136 934 2136 931 2139 931 2209 911 2630 934 2633 934 2723 914 2784 937 2787 937 2790 937 2910 917 3027 937 3031 937 3284 917 3341 941 3344 941 3348 944 3725 944 3725 941 3728 941 3795 917 3798 887 3795 811 3404 811 3401 807 3374 784 3371 784 3368 784 3364 784 3361 784 3291 807 3258 807 3087 807 3084 804 3004 781 3001 781 2997 781 2994 781 2940 804 2937 804 2663 804 2663 801 2590 777 2587 777 2390 777 2386 777 2383 777 2330 801 2326 801 2303 784 2300 784 2296 784 2293 784 2290 784 2233 797 2206 774 2203 774 2199 774 2196 774 1852 797 1826 797 1822 797 1782 771 1779 771 1775 771 1772 771 1769 771 1695 794 1498 771 1331 771 1328 771 1325 771 1271 791 1271 871"/></Shape>
	    <String CONTENT="deliurer ſon peuple: ou biẽ par quelque teſmoigna¬"
                    HPOS="1268"
                    VPOS="771"
                    WIDTH="2530"
                    HEIGHT="173"
                    WC="0.9937580251226238"></String>
          </TextLine>
          <TextLine ID="line_5"
                    TAGREFS="LT8"
                    BASELINE="1281 1004 3805 1024" 
                    HPOS="1281"
                    VPOS="904"
                    WIDTH="2524"
                    HEIGHT="167">
            <Shape><Polygon POINTS="1281 1004 1281 1054 1492 1038 1642 1054 1645 1054 1815 1041 1839 1054 1842 1061 1846 1061 1849 1061 1852 1061 1916 1054 2076 1041 2113 1054 2133 1064 2136 1064 2139 1064 2143 1064 2176 1054 2223 1044 2293 1054 2330 1061 2333 1061 2336 1061 2353 1054 2390 1044 2420 1054 2440 1064 2443 1064 2446 1064 2450 1064 2470 1054 2496 1044 2794 1044 2807 1054 2820 1068 2824 1068 2827 1068 2967 1071 2971 1071 3802 1054 3805 1024 3802 947 3675 947 3675 944 3652 924 3648 924 3645 924 3642 924 3638 924 3598 944 3595 944 3588 944 3455 924 3451 924 3448 924 3408 944 3401 944 3394 944 3341 924 3338 924 3334 924 3331 924 3291 941 3264 917 3261 917 3258 917 3254 917 3251 917 3194 941 3191 944 3074 944 3064 941 2964 914 2961 914 2847 914 2844 914 2840 914 2837 914 2800 937 2757 914 2754 914 2633 914 2630 914 2627 914 2570 937 2563 937 2557 937 2490 914 2486 914 2483 914 2169 934 2126 934 2083 931 1852 914 1849 914 1846 914 1802 931 1795 931 1792 931 1705 904 1702 904 1699 904 1281 924 1281 1004"/></Shape>
	    <String CONTENT="ge de l’Eſcripture, comme ſainct lean, la vocation"
                    HPOS="1281"
                    VPOS="904"
                    WIDTH="2524"
                    HEIGHT="167"
                    WC="0.9890651893615723"></String>
          </TextLine>
          <TextLine ID="line_6"
                    TAGREFS="LT8"
                    BASELINE="1275 1134 3805 1154" 
                    HPOS="1271"
                    VPOS="1041"
                    WIDTH="2534"
                    HEIGHT="173">
            <Shape><Polygon POINTS="1275 1134 1271 1168 1435 1194 1438 1194 1548 1174 1792 1174 1815 1198 1819 1198 1822 1198 1826 1201 1936 1201 1936 1198 1939 1198 1942 1198 1969 1178 2269 1178 2269 1181 2320 1201 2323 1201 2326 1201 2630 1184 2637 1184 2660 1204 2663 1204 2667 1204 2670 1204 2991 1188 3011 1188 3044 1188 3455 1211 3458 1214 3558 1214 3558 1211 3561 1211 3565 1211 3591 1194 3595 1191 3601 1194 3642 1211 3645 1211 3648 1211 3802 1194 3805 1154 3802 1078 3321 1054 3318 1054 3154 1071 3141 1071 3124 1071 2954 1051 2950 1051 2760 1068 2744 1068 2713 1068 2423 1051 2420 1051 1856 1061 1755 1061 1749 1061 1695 1041 1692 1041 1689 1041 1275 1054 1275 1134"/></Shape>
	    <String CONTENT="duquel fut prouuee apertement par le teſmoignage"
                    HPOS="1271"
                    VPOS="1041"
                    WIDTH="2534"
                    HEIGHT="173"
                    WC="0.9924676331381003"></String>
          </TextLine>
          <TextLine ID="line_7"
                    TAGREFS="LT8"
                    BASELINE="1275 1268 3798 1291" 
                    HPOS="1271"
                    VPOS="1168"
                    WIDTH="2527"
                    HEIGHT="163">
            <Shape><Polygon POINTS="1275 1268 1271 1298 1325 1318 1328 1318 1331 1318 1488 1305 1635 1321 1639 1321 1949 1308 1966 1308 1972 1308 2076 1325 2079 1325 2276 1311 2293 1311 2300 1311 2366 1328 2370 1328 2373 1331 3795 1331 3798 1291 3795 1211 3658 1191 3655 1191 3652 1191 3648 1191 3625 1208 3621 1208 3214 1208 3204 1204 3077 1181 3074 1181 2981 1201 2940 1181 2937 1181 2934 1181 2930 1181 2850 1201 2847 1201 2840 1201 2657 1178 2557 1178 2553 1178 2550 1178 2547 1178 2520 1198 2517 1198 2513 1198 2303 1174 2300 1174 1785 1191 1775 1191 1772 1191 1742 1171 1739 1171 1735 1171 1732 1171 1729 1171 1662 1191 1659 1191 1655 1191 1582 1168 1578 1168 1575 1168 1432 1188 1428 1188 1311 1168 1308 1168 1305 1168 1275 1181 1275 1268"/></Shape>
	    <String CONTENT="du Prophete Malachias. L’vne &amp; l’autre vous de¬"
                    HPOS="1271"
                    VPOS="1168"
                    WIDTH="2527"
                    HEIGHT="163"
                    WC="0.9923917410221506"></String>
          </TextLine>
          <TextLine ID="line_8"
                    TAGREFS="LT8"
                    BASELINE="1275 1405 3802 1425" 
                    HPOS="1275"
                    VPOS="1295"
                    WIDTH="2527"
                    HEIGHT="180">
            <Shape><Polygon POINTS="1275 1405 1275 1455 3331 1455 3338 1455 3384 1475 3388 1475 3391 1475 3798 1455 3802 1425 3798 1338 3391 1338 3374 1331 3304 1308 3301 1308 3298 1308 3051 1328 3014 1328 3007 1325 2957 1305 2954 1305 2950 1305 2590 1321 2540 1321 2527 1318 2460 1301 2456 1301 2453 1301 2363 1318 2316 1325 2126 1321 2116 1315 2079 1298 2076 1298 2073 1298 2069 1298 2026 1311 2006 1318 1922 1311 1795 1301 1792 1301 1789 1301 1772 1308 1745 1321 1692 1308 1629 1295 1625 1295 1622 1295 1595 1308 1568 1318 1508 1305 1465 1298 1462 1298 1458 1298 1438 1305 1405 1318 1378 1305 1365 1298 1361 1298 1358 1298 1275 1301 1275 1405"/></Shape>
	    <String CONTENT="fault, dõc il ſ&#x27;enſuit q̃ voſtre Miniſtere n’eſt legitime."
                    HPOS="1275"
                    VPOS="1295"
                    WIDTH="2527"
                    HEIGHT="180"
                    WC="0.9861418614953251"></String>
          </TextLine>
        </TextBlock>
        <TextBlock HPOS="1265"
                   VPOS="1467"
                   WIDTH="2550"
                   HEIGHT="1327"
                   ID="block_5"
                   TAGREFS="BT2525">
          <Shape><Polygon POINTS="3815 1467 3815 2794 1265 2794 1265 1467"/></Shape>
          <TextLine ID="line_9"
                    TAGREFS="LT8"
                    BASELINE="1368 1538 3818 1555" 
                    HPOS="1365"
                    VPOS="1431"
                    WIDTH="2453"
                    HEIGHT="177">
            <Shape><Polygon POINTS="1368 1538 1365 1568 1405 1592 1408 1592 1412 1592 1682 1575 2036 1595 2039 1595 2346 1582 2386 1598 2390 1598 2393 1598 2800 1582 2834 1602 2837 1602 2840 1602 2844 1602 3321 1585 3381 1605 3384 1605 3388 1608 3678 1608 3678 1605 3815 1585 3818 1555 3818 1471 2774 1441 2770 1441 2767 1441 2734 1451 2703 1461 2667 1451 2630 1441 2627 1441 2623 1441 2620 1441 2617 1441 2607 1451 2590 1465 2473 1465 2396 1448 2346 1438 2233 1438 2229 1438 2226 1438 2223 1438 2216 1445 2196 1458 1842 1438 1822 1438 1819 1438 1809 1438 1495 1455 1368 1431 1368 1538"/></Shape>
	    <String CONTENT="Et quant aux traditions de l’Egliſe, &amp; l’interpre¬"
                    HPOS="1365"
                    VPOS="1431"
                    WIDTH="2453"
                    HEIGHT="177"
                    WC="0.9886760449409485"></String>
          </TextLine>
          <TextLine ID="line_10"
                    TAGREFS="LT8"
                    BASELINE="1278 1672 3808 1688" 
                    HPOS="1278"
                    VPOS="1572"
                    WIDTH="2530"
                    HEIGHT="170">
            <Shape><Polygon POINTS="1278 1672 1278 1708 1846 1708 1849 1708 1876 1728 1879 1728 1882 1728 1886 1728 1976 1712 2059 1728 2063 1728 2156 1708 2169 1708 2196 1708 2350 1725 2353 1725 2513 1712 2523 1712 2530 1712 2797 1735 2800 1735 3094 1715 3301 1738 3304 1742 3755 1742 3755 1738 3758 1738 3805 1715 3808 1688 3802 1595 3458 1605 3428 1588 3421 1585 3418 1585 3415 1585 3411 1585 3381 1588 3301 1605 3124 1588 3061 1582 3057 1582 3054 1582 3041 1585 2997 1602 2967 1585 2957 1582 2954 1582 2950 1582 2920 1585 2810 1602 2727 1585 2700 1578 2697 1578 2667 1582 2590 1598 2567 1582 2563 1578 2560 1578 2557 1578 2453 1578 2450 1578 2446 1578 2443 1578 2443 1582 2416 1602 2293 1602 1906 1575 1866 1575 1862 1575 1859 1575 1856 1575 1785 1595 1722 1575 1712 1572 1709 1572 1705 1572 1675 1575 1515 1592 1278 1572 1278 1672"/></Shape>
	    <String CONTENT="tation des Eſcriptures ſainctes, il eſt certain que ſi"
                    HPOS="1278"
                    VPOS="1572"
                    WIDTH="2530"
                    HEIGHT="170"
                    WC="0.9975883143919485"></String>
          </TextLine>
          <TextLine ID="line_11"
                    TAGREFS="LT8"
                    BASELINE="1278 1802 3808 1822" 
                    HPOS="1275"
                    VPOS="1708"
                    WIDTH="2533"
                    HEIGHT="164">
            <Shape><Polygon POINTS="1278 1802 1275 1839 1318 1862 1321 1862 1325 1862 1328 1862 1382 1845 2543 1872 2547 1872 3805 1862 3808 1822 3808 1745 3735 1722 3732 1722 3728 1722 3571 1742 3565 1742 3561 1742 3521 1725 3518 1725 3515 1725 3281 1738 3278 1738 3271 1738 2964 1715 2961 1715 2754 1718 2750 1718 2747 1718 2727 1735 2723 1738 2550 1738 2547 1735 2520 1712 2517 1712 2513 1712 2510 1712 2393 1732 2390 1732 2326 1712 2323 1712 2233 1712 2229 1712 2226 1712 2223 1712 2199 1732 2196 1732 1926 1732 1922 1728 1899 1708 1896 1708 1892 1708 1889 1708 1278 1722 1278 1802"/></Shape>
	    <String CONTENT="quelque diſpute en ſuruient, qu’il fault recourir aux"
                    HPOS="1275"
                    VPOS="1708"
                    WIDTH="2533"
                    HEIGHT="164"
                    WC="0.9950308417374233"></String>
          </TextLine>
          <TextLine ID="line_12"
                    TAGREFS="LT8"
                    BASELINE="1271 1939 3802 1959" 
                    HPOS="1268"
                    VPOS="1832"
                    WIDTH="2534"
                    HEIGHT="177">
            <Shape><Polygon POINTS="1271 1939 1268 1982 2677 2002 2680 2002 2907 1989 2957 1989 2974 1992 3054 2006 3057 2006 3331 1992 3354 1992 3361 1992 3425 2009 3428 2009 3431 2009 3798 1992 3802 1959 3802 1875 3728 1852 3725 1852 3722 1852 3498 1865 3258 1849 3254 1849 3067 1865 2964 1872 2947 1862 2920 1845 2917 1845 2914 1845 2910 1845 2794 1859 2730 1869 2153 1869 2089 1845 2066 1839 2063 1839 2059 1839 1976 1845 1729 1862 1655 1839 1645 1835 1642 1835 1639 1835 1612 1835 1415 1859 1271 1832 1271 1939"/></Shape>
	    <String CONTENT="ſucceſſeurs ordinaires, comme à ceux auſquels le"
                    HPOS="1268"
                    VPOS="1832"
                    WIDTH="2534"
                    HEIGHT="177"
                    WC="0.9980463166626132"></String>
          </TextLine>
          <TextLine ID="line_13"
                    TAGREFS="LT8"
                    BASELINE="1271 2076 3805 2086" 
                    HPOS="1268"
                    VPOS="1972"
                    WIDTH="2537"
                    HEIGHT="150">
            <Shape><Polygon POINTS="1271 2076 1268 2119 3798 2122 3805 2086 3802 2002 3692 1979 3688 1979 3685 1979 3611 1999 3608 1999 3601 1999 3334 1979 3331 1979 2877 1995 2850 1995 2847 1995 2827 1975 2824 1975 2820 1975 2817 1975 2734 1995 2723 1999 2139 1999 2123 1992 2063 1972 2059 1972 2056 1972 1929 1992 1912 1992 1899 1992 1819 1972 1815 1972 1812 1972 1809 1972 1782 1989 1742 1972 1739 1972 1735 1972 1732 1972 1679 1989 1675 1989 1672 1989 1572 1972 1568 1972 1495 1989 1475 1992 1465 1989 1425 1972 1422 1972 1418 1972 1271 1985 1271 2076"/></Shape>
	    <String CONTENT="ſainct Eſprit eſt promis, &amp; qui à ceſte fin ſont ordõ¬"
                    HPOS="1268"
                    VPOS="1972"
                    WIDTH="2537"
                    HEIGHT="150"
                    WC="0.9906372630170414"></String>
          </TextLine>
          <TextLine ID="line_14"
                    TAGREFS="LT8"
                    BASELINE="1275 2209 3805 2222" 
                    HPOS="1271"
                    VPOS="2112"
                    WIDTH="2534"
                    HEIGHT="161">
            <Shape><Polygon POINTS="1275 2209 1271 2239 1422 2263 1425 2263 1689 2249 1909 2266 1912 2266 2533 2249 2563 2269 2567 2269 2570 2269 2573 2269 3007 2253 3091 2269 3094 2269 3568 2256 3702 2273 3705 2273 3802 2253 3805 2222 3805 2142 3762 2122 3758 2122 3755 2122 3665 2142 3635 2149 3435 2149 3421 2139 3398 2122 3394 2122 3391 2122 3388 2122 3384 2122 3324 2139 3294 2146 3174 2146 3167 2139 3147 2122 3144 2122 3141 2122 3137 2122 3067 2139 3044 2142 3034 2139 3007 2119 3004 2119 3001 2119 2997 2119 2904 2136 2870 2142 2850 2136 2804 2119 2800 2119 2797 2119 2707 2136 2670 2142 2647 2136 2600 2119 2597 2119 2593 2119 2470 2136 2426 2139 2416 2132 2393 2116 2390 2116 2386 2116 2383 2116 2306 2132 2276 2142 1909 2142 1842 2129 1709 2112 1705 2112 1275 2126 1275 2209"/></Shape>
	    <String CONTENT="nez de Dieu, comme lon peult voir par l’exemple"
                    HPOS="1271"
                    VPOS="2112"
                    WIDTH="2534"
                    HEIGHT="161"
                    WC="0.9947181280623091"></String>
          </TextLine>
          <TextLine ID="line_15"
                    TAGREFS="LT8"
                    BASELINE="1275 2343 3805 2356" 
                    HPOS="1271"
                    VPOS="2242"
                    WIDTH="2534"
                    HEIGHT="161">
            <Shape><Polygon POINTS="1275 2343 1271 2376 1909 2396 1912 2396 2386 2383 2416 2383 2430 2383 2597 2399 2600 2399 3064 2386 3074 2386 3081 2386 3251 2403 3254 2403 3802 2386 3805 2356 3805 2283 3735 2259 3732 2259 3728 2259 3725 2259 3682 2283 3665 2283 3435 2283 3435 2279 3381 2253 3378 2253 3157 2249 3154 2249 3011 2279 2984 2279 2587 2279 2583 2276 2557 2253 2553 2253 2550 2253 2547 2253 2543 2253 2493 2276 2310 2276 2269 2246 2266 2246 2263 2246 2259 2246 2256 2246 2189 2273 2086 2246 2083 2246 2079 2246 1759 2269 1699 2246 1695 2246 1692 2246 1558 2263 1532 2242 1528 2242 1525 2242 1325 2242 1321 2242 1318 2242 1275 2263 1275 2343"/></Shape>
	    <String CONTENT="des Leuites, leſquels anciennement il falloit auoir"
                    HPOS="1271"
                    VPOS="2242"
                    WIDTH="2534"
                    HEIGHT="161"
                    WC="0.9992570210905636"></String>
          </TextLine>
          <TextLine ID="line_16"
                    TAGREFS="LT8"
                    BASELINE="1275 2486 3805 2479" 
                    HPOS="1271"
                    VPOS="2376"
                    WIDTH="2534"
                    HEIGHT="167">
            <Shape><Polygon POINTS="1275 2486 1275 2530 1826 2516 1866 2533 1886 2540 1889 2540 1892 2543 2002 2543 2002 2540 2006 2540 2009 2540 2019 2533 2042 2516 2193 2516 2229 2533 2246 2540 2249 2540 2253 2543 2373 2543 2373 2540 2376 2540 2393 2533 2423 2516 2610 2513 2647 2533 2650 2536 2653 2536 2657 2536 2660 2540 3117 2540 3117 2536 3121 2536 3124 2536 3127 2533 3144 2520 3161 2533 3164 2536 3167 2536 3171 2536 3174 2540 3394 2540 3394 2536 3398 2536 3408 2533 3478 2513 3515 2533 3515 2536 3518 2536 3521 2536 3525 2536 3802 2533 3805 2479 3798 2406 3705 2406 3705 2403 3668 2379 3665 2379 3662 2379 3658 2379 3655 2379 3605 2403 3555 2376 3551 2376 3548 2376 3545 2376 3495 2403 3334 2376 3331 2376 3208 2403 3204 2403 3201 2403 3121 2376 3117 2376 3114 2376 3111 2376 3071 2396 3011 2376 3007 2376 3004 2376 3001 2376 2997 2376 2964 2403 2930 2376 2927 2376 2924 2376 2920 2376 2917 2376 2860 2396 2800 2376 2797 2376 2794 2376 2790 2376 2787 2376 2750 2403 2747 2403 2737 2403 2650 2386 2647 2386 2563 2403 2533 2406 2520 2403 2463 2379 2460 2379 2456 2379 2350 2396 2253 2379 2249 2379 2246 2379 2243 2379 2216 2399 2206 2409 2032 2409 2016 2399 1969 2379 1966 2379 1762 2379 1759 2379 1755 2379 1689 2399 1662 2406 1382 2406 1375 2399 1351 2379 1348 2379 1345 2379 1341 2379 1338 2379 1271 2396 1275 2486"/></Shape>
	    <String CONTENT="pour conſeil &amp; arreſt, ſans qu’il fuſt loiſible de de¬"
                    HPOS="1271"
                    VPOS="2376"
                    WIDTH="2534"
                    HEIGHT="167"
                    WC="0.9869222872787051"></String>
          </TextLine>
          <TextLine ID="line_17"
                    TAGREFS="LT8"
                    BASELINE="1268 2613 3805 2623" 
                    HPOS="1265"
                    VPOS="2510"
                    WIDTH="2540"
                    HEIGHT="176">
            <Shape><Polygon POINTS="1268 2613 1265 2653 1331 2676 1335 2676 1338 2676 1926 2660 2136 2680 2139 2680 2393 2663 2844 2680 2847 2680 2957 2663 3054 2683 3057 2686 3638 2686 3638 2683 3802 2663 3805 2623 3802 2536 2326 2516 2323 2516 2320 2516 2316 2516 2313 2520 2290 2536 2139 2536 1926 2516 1886 2513 1882 2513 1826 2513 1435 2530 1268 2510 1268 2613"/></Shape>
	    <String CONTENT="cliner ne à dextre ne à ſeneſtre de ce qu’ils auoyent"
                    HPOS="1265"
                    VPOS="2510"
                    WIDTH="2540"
                    HEIGHT="176"
                    WC="0.9799158269708806"></String>
          </TextLine>
          <TextLine ID="line_18"
                    TAGREFS="LT8"
                    BASELINE="1275 2750 1962 2750" 
                    HPOS="1275"
                    VPOS="2643"
                    WIDTH="687"
                    HEIGHT="150">
            <Shape><Polygon POINTS="1275 2750 1275 2793 1962 2793 1962 2750 1962 2663 1879 2643 1876 2643 1872 2643 1869 2643 1866 2643 1839 2663 1836 2663 1792 2643 1789 2643 1785 2643 1782 2643 1725 2660 1709 2663 1689 2660 1645 2646 1642 2646 1639 2646 1635 2646 1595 2656 1582 2660 1575 2656 1565 2646 1565 2643 1562 2643 1558 2643 1555 2643 1552 2643 1512 2653 1478 2663 1275 2650 1275 2750"/></Shape>
	    <String CONTENT="vne fois dict."
                    HPOS="1275"
                    VPOS="2643"
                    WIDTH="687"
                    HEIGHT="150"
                    WC="0.9987782112189701"></String>
          </TextLine>
        </TextBlock>
        <TextBlock HPOS="1269"
                   VPOS="2803"
                   WIDTH="2547"
                   HEIGHT="1595"
                   ID="block_4"
                   TAGREFS="BT2525">
          <Shape><Polygon POINTS="3816 2803 3816 4398 1269 4398 1269 2803"/></Shape>
          <TextLine ID="eSc_line_9fa68385"
                    TAGREFS="LT8"
                    BASELINE="1330 2892 3808 2887" 
                    HPOS="1329"
                    VPOS="2763"
                    WIDTH="2479"
                    HEIGHT="180">
            <Shape><Polygon POINTS="1358 2790 1372 2787 1415 2767 1422 2767 1609 2787 1669 2790 1705 2787 1779 2773 1782 2773 1899 2787 1956 2790 1962 2787 1986 2770 1996 2770 2246 2787 2300 2787 2356 2763 2363 2763 2687 2787 2744 2787 2837 2763 3084 2763 3154 2787 3171 2787 3251 2763 3261 2763 3321 2787 3802 2787 3808 2887 3802 2933 3334 2923 3147 2937 3084 2940 3081 2940 3057 2937 2997 2923 2967 2937 2957 2940 2950 2940 2910 2937 2757 2920 2673 2937 2663 2937 2540 2920 2413 2937 2390 2940 2386 2940 2303 2937 1882 2923 1545 2940 1455 2943 1445 2943 1442 2940 1408 2923 1330 2923 1329 2788"/></Shape>
	    <String CONTENT=""
                    HPOS="1329"
                    VPOS="2763"
                    WIDTH="2479"
                    HEIGHT="180"></String>
          </TextLine>
          <TextLine ID="eSc_line_7ba2e2bd"
                    TAGREFS="LT8"
                    BASELINE="1269 3012 3808 3020" 
                    HPOS="1269"
                    VPOS="2917"
                    WIDTH="2539"
                    HEIGHT="153">
            <Shape><Polygon POINTS="1558 2943 1612 2930 1659 2917 1669 2917 1699 2930 1739 2950 2360 2950 2380 2937 2406 2920 2416 2920 2507 2937 2527 2940 2553 2937 2683 2920 2693 2920 2720 2940 2734 2947 2757 2940 2810 2923 2817 2923 3147 2943 3231 2947 3238 2943 3268 2923 3354 2923 3411 2943 3428 2950 3445 2947 3515 2923 3705 2923 3742 2947 3748 2950 3802 2950 3808 3020 3805 3050 3465 3070 3461 3070 2473 3067 2470 3067 2436 3057 2416 3050 2350 3057 2249 3067 2246 3067 1942 3057 1679 3050 1425 3060 1295 3064 1285 3064 1281 3060 1269 3053 1269 2936"/></Shape>
	    <String CONTENT=""
                    HPOS="1269"
                    VPOS="2917"
                    WIDTH="2539"
                    HEIGHT="153"></String>
          </TextLine>
          <TextLine ID="eSc_line_4f7c1b99"
                    TAGREFS="LT8"
                    BASELINE="1269 3141 1328 3150 3805 3160" 
                    HPOS="1263"
                    VPOS="3044"
                    WIDTH="2542"
                    HEIGHT="173">
            <Shape><Polygon POINTS="1418 3074 1582 3074 1585 3070 1645 3044 1652 3044 1775 3070 1782 3074 2073 3074 2076 3070 2173 3044 2183 3044 2249 3070 2259 3074 2276 3070 2383 3047 2390 3047 2443 3070 2450 3074 2470 3070 2580 3050 2587 3050 2653 3067 2697 3047 2703 3047 2820 3070 2834 3074 2847 3070 2940 3047 2950 3047 3021 3070 3031 3077 3198 3077 3211 3070 3261 3050 3268 3050 3368 3070 3394 3077 3404 3070 3438 3054 3448 3054 3481 3070 3495 3077 3615 3077 3621 3074 3655 3050 3665 3050 3802 3074 3805 3160 3802 3217 3648 3217 3645 3214 3642 3214 3571 3190 3488 3214 3461 3214 3274 3190 3218 3210 3211 3214 3204 3214 3181 3210 3047 3190 2947 3210 2927 3210 2894 3187 2777 3210 2757 3210 2744 3207 2650 3187 2557 3207 2537 3210 2533 3210 2476 3207 2320 3194 2249 3207 2216 3210 2213 3210 2176 3204 2083 3187 2042 3204 2032 3207 2026 3207 1882 3204 1265 3180 1263 3180 1280 3071"/></Shape>
	    <String CONTENT=""
                    HPOS="1263"
                    VPOS="3044"
                    WIDTH="2542"
                    HEIGHT="173"></String>
          </TextLine>
          <TextLine ID="line_25"
                    TAGREFS="LT8"
                    BASELINE="1291 3281 3808 3287" 
                    HPOS="1288"
                    VPOS="3184"
                    WIDTH="2520"
                    HEIGHT="167">
            <Shape><Polygon POINTS="1291 3281 1288 3324 1372 3347 1375 3347 1378 3347 1632 3331 1712 3347 1715 3347 1815 3331 1946 3347 1949 3347 2643 3334 2697 3351 2700 3351 2703 3351 3805 3331 3808 3287 3805 3207 3488 3187 3485 3187 3481 3187 3408 3204 3394 3207 3368 3204 3211 3187 3208 3187 3127 3204 3114 3207 3107 3204 3074 3187 3071 3187 3067 3187 3064 3187 3061 3187 3041 3204 3037 3210 2937 3210 2920 3204 2837 3187 2834 3187 2830 3187 2827 3187 2807 3204 2800 3210 2647 3210 2633 3204 2577 3187 2573 3187 2570 3187 2366 3204 2360 3204 2356 3204 2333 3184 2330 3184 2326 3184 2323 3184 2216 3204 2209 3204 2203 3204 2012 3184 2009 3184 2006 3184 1962 3204 1959 3204 1866 3184 1862 3184 1669 3204 1659 3204 1655 3204 1632 3184 1629 3184 1625 3184 1492 3184 1488 3184 1392 3204 1385 3204 1382 3204 1335 3184 1331 3184 1328 3184 1325 3184 1291 3200 1291 3281"/></Shape>
	    <String CONTENT="Qu’il fault baptizer les enfans, Que la vierge Marie"
                    HPOS="1288"
                    VPOS="3184"
                    WIDTH="2520"
                    HEIGHT="167"
                    WC="0.9861025076646072"></String>
          </TextLine>
          <TextLine ID="line_26"
                    TAGREFS="LT8"
                    BASELINE="1275 3427 3805 3421" 
                    HPOS="1271"
                    VPOS="3337"
                    WIDTH="2534"
                    HEIGHT="130">
            <Shape><Polygon POINTS="1275 3427 1275 3467 3802 3464 3805 3421 3798 3337 1271 3337 1275 3427"/></Shape>
	    <String CONTENT="demoura vierge apres l&#x27;enfantement, &amp; pluſieurs"
                    HPOS="1271"
                    VPOS="3337"
                    WIDTH="2534"
                    HEIGHT="130"
                    WC="0.9906574272094889"></String>
          </TextLine>
          <TextLine ID="line_27"
                    TAGREFS="LT8"
                    BASELINE="1278 3561 3805 3548" 
                    HPOS="1275"
                    VPOS="3447"
                    WIDTH="2530"
                    HEIGHT="157">
            <Shape><Polygon POINTS="1278 3561 1278 3604 3802 3604 3805 3548 3798 3467 3698 3447 3695 3447 3692 3447 3645 3467 3642 3471 3328 3471 3314 3471 3264 3451 3261 3451 3258 3451 3174 3471 3164 3474 2904 3474 2897 3471 2717 3451 2713 3451 2590 3471 2543 3451 2540 3451 2537 3451 2403 3474 2400 3477 2300 3477 2156 3477 1909 3454 1906 3454 1749 3471 1652 3457 1649 3457 1645 3457 1642 3457 1612 3477 1405 3457 1402 3457 1398 3457 1395 3457 1368 3481 1275 3481 1278 3561"/></Shape>
	    <String CONTENT="autres ſemblables par cõſequent: ce qui nous a eſté"
                    HPOS="1275"
                    VPOS="3447"
                    WIDTH="2530"
                    HEIGHT="157"
                    WC="0.9878665827355295"></String>
          </TextLine>
          <TextLine ID="line_28"
                    TAGREFS="LT8"
                    BASELINE="1271 3698 3808 3681" 
                    HPOS="1268"
                    VPOS="3578"
                    WIDTH="2540"
                    HEIGHT="156">
            <Shape><Polygon POINTS="1271 3698 1271 3734 3805 3721 3808 3681 3798 3578 3675 3598 3652 3581 3648 3581 3645 3581 3642 3581 3478 3584 3475 3584 3471 3584 3438 3611 3328 3598 3324 3598 3321 3598 3284 3618 3041 3618 2880 3584 2877 3584 2874 3584 2774 3621 2463 3621 2426 3588 2423 3588 2420 3588 2416 3588 2413 3588 2346 3611 2280 3594 2276 3594 2273 3594 2269 3594 2203 3624 1986 3624 1922 3591 1919 3591 1916 3591 1912 3591 1826 3621 1705 3621 1672 3594 1669 3594 1665 3594 1415 3594 1412 3594 1408 3594 1368 3618 1341 3594 1338 3594 1335 3594 1268 3594 1271 3698"/></Shape>
	    <String CONTENT="baillé de main-en-main par nos peres, ores qu’il ne"
                    HPOS="1268"
                    VPOS="3578"
                    WIDTH="2540"
                    HEIGHT="156"
                    WC="0.997478702893624"></String>
          </TextLine>
          <TextLine ID="line_29"
                    TAGREFS="LT8"
                    BASELINE="1275 3828 3808 3811" 
                    HPOS="1271"
                    VPOS="3721"
                    WIDTH="2537"
                    HEIGHT="160">
            <Shape><Polygon POINTS="1275 3828 1275 3881 1395 3865 1715 3881 1772 3881 1775 3881 1789 3878 1869 3861 2126 3878 2163 3878 2166 3878 2189 3878 2346 3858 3274 3868 3288 3868 3291 3868 3294 3868 3354 3851 3391 3868 3394 3868 3398 3868 3418 3868 3735 3851 3802 3865 3808 3811 3802 3748 3401 3748 3398 3744 3351 3721 3348 3721 3344 3721 3211 3744 3194 3748 3191 3744 3171 3731 3167 3731 3164 3731 3161 3731 3061 3744 3034 3748 3011 3744 2930 3731 2927 3731 2847 3744 2827 3748 2817 3744 2770 3728 2767 3728 2764 3728 2667 3744 2623 3755 2376 3755 2356 3744 2333 3734 2330 3734 2326 3734 2276 3744 2219 3755 2156 3744 2076 3731 2073 3731 1949 3744 1842 3755 1795 3744 1759 3734 1755 3734 1752 3734 1749 3734 1745 3734 1732 3744 1709 3758 1655 3744 1622 3734 1619 3734 1615 3734 1271 3741 1275 3828"/></Shape>
	    <String CONTENT="ſoit eſcript, n’eſt pourtant moins certain &amp; approu¬"
                    HPOS="1271"
                    VPOS="3721"
                    WIDTH="2537"
                    HEIGHT="160"
                    WC="0.9950144348236231"></String>
          </TextLine>
          <TextLine ID="line_30"
                    TAGREFS="LT8"
                    BASELINE="1278 3965 3808 3951" 
                    HPOS="1275"
                    VPOS="3848"
                    WIDTH="2533"
                    HEIGHT="170">
            <Shape><Polygon POINTS="1278 3965 1278 4015 1535 4018 1538 4018 1542 4018 1565 4012 1635 3995 1982 4008 2129 4012 2133 4012 2136 4012 2139 4012 2149 4005 2173 3991 2209 4005 2239 4015 2243 4015 2246 4015 2249 4015 2280 4005 2313 3991 2346 4001 2383 4015 2386 4015 2390 4015 2517 4001 2547 3998 2573 3998 2707 4012 2710 4012 2713 4012 2717 4012 2734 3998 2750 3988 2884 3995 3171 4012 3174 4012 3371 3988 3418 3985 3465 3988 3672 4005 3675 4005 3805 3981 3808 3951 3802 3875 3578 3848 3575 3848 3571 3848 3521 3875 3198 3875 3141 3851 3137 3851 3134 3851 3131 3851 3127 3851 3097 3875 3064 3851 3061 3851 3057 3851 2870 3851 2867 3851 2864 3851 2814 3875 2810 3878 2713 3878 2707 3875 2607 3851 2603 3851 2600 3851 2523 3875 2507 3878 2493 3875 2420 3855 2416 3855 2413 3855 2410 3855 2406 3855 2376 3875 2370 3878 2353 3875 2259 3855 2256 3855 2166 3875 2149 3881 1959 3881 1952 3875 1929 3855 1926 3855 1922 3855 1919 3855 1916 3855 1842 3875 1839 3875 1836 3875 1662 3858 1659 3858 1655 3858 1599 3875 1578 3881 1532 3875 1395 3858 1392 3858 1388 3858 1351 3875 1341 3881 1275 3878 1278 3965"/></Shape>
	    <String CONTENT="ué, que fil eſtoit teſmoigné par l’Eſcripture. Tout"
                    HPOS="1275"
                    VPOS="3848"
                    WIDTH="2533"
                    HEIGHT="170"
                    WC="0.9844784725387141"></String>
          </TextLine>
          <TextLine ID="line_31"
                    TAGREFS="LT8"
                    BASELINE="1275 4098 3812 4085" 
                    HPOS="1271"
                    VPOS="3985"
                    WIDTH="2541"
                    HEIGHT="163">
            <Shape><Polygon POINTS="1275 4098 1275 4148 3752 4148 3752 4145 3755 4145 3812 4125 3812 4085 3808 4008 3752 3985 3748 3985 3745 3985 3742 3985 3692 4005 3495 3985 3491 3985 3374 4005 3308 3985 3304 3985 3301 3985 3164 4012 3041 4012 3011 3988 3007 3988 3004 3988 3001 3988 2997 3988 2930 4008 2884 3988 2880 3988 2877 3988 2774 4005 2727 3988 2723 3988 2720 3988 2717 3988 2640 4008 2543 3988 2540 3988 2537 3988 2493 4012 2386 3991 2383 3991 2166 4012 2029 3991 2026 3991 1892 4015 1775 3995 1772 3995 1769 3995 1699 4015 1548 3998 1545 3998 1432 4015 1328 3995 1325 3995 1321 3995 1271 4015 1275 4098"/></Shape>
	    <String CONTENT="ce qui a eſté ordonné par les Conciles vniuerſels eſt"
                    HPOS="1271"
                    VPOS="3985"
                    WIDTH="2541"
                    HEIGHT="163"
                    WC="0.9843289071863348"></String>
          </TextLine>
          <TextLine ID="line_32"
                    TAGREFS="LT8"
                    BASELINE="1278 4228 3808 4215" 
                    HPOS="1275"
                    VPOS="4132"
                    WIDTH="2533"
                    HEIGHT="140">
            <Shape><Polygon POINTS="1278 4228 1278 4272 3808 4269 3808 4215 3802 4132 1392 4132 1388 4132 1275 4148 1278 4228"/></Shape>
	    <String CONTENT="certain &amp; arreſté, ne pouuant iceux Conciles errer"
                    HPOS="1275"
                    VPOS="4132"
                    WIDTH="2533"
                    HEIGHT="140"
                    WC="0.992463186675427"></String>
          </TextLine>
          <TextLine ID="line_33"
                    TAGREFS="LT8"
                    BASELINE="1278 4369 2653 4362" 
                    HPOS="1275"
                    VPOS="4262"
                    WIDTH="1378"
                    HEIGHT="143">
            <Shape><Polygon POINTS="1278 4369 1278 4405 2650 4405 2653 4362 2647 4289 2520 4289 2476 4265 2473 4265 2470 4265 2466 4265 2426 4285 2346 4262 2343 4262 2340 4262 2336 4262 2293 4285 2209 4262 2206 4262 2203 4262 2199 4262 2129 4285 2106 4265 2106 4262 2103 4262 2099 4262 1962 4262 1959 4262 1956 4262 1909 4289 1886 4269 1886 4265 1882 4265 1879 4265 1812 4265 1809 4265 1805 4265 1802 4265 1775 4289 1742 4265 1739 4265 1735 4265 1732 4265 1729 4265 1659 4289 1649 4289 1275 4289 1278 4369"/></Shape>
	    <String CONTENT="en ce qui eſt de la doctrine."
                    HPOS="1275"
                    VPOS="4262"
                    WIDTH="1378"
                    HEIGHT="143"
                    WC="0.9822680374671673"></String>
          </TextLine>
          <TextLine ID="line_22"
                    TAGREFS="LT8"
                    BASELINE="694 2893 1274 2892" 
                    HPOS="691"
                    VPOS="2767"
                    WIDTH="583"
                    HEIGHT="176">
            <Shape><Polygon POINTS="694 2893 691 2787 801 2790 817 2787 854 2770 861 2770 1004 2787 1061 2790 1094 2787 1191 2767 1195 2767 1273 2780 1274 2923 1088 2923 931 2940 901 2943 897 2943 721 2927 701 2943"/></Shape>
	    <String CONTENT="Pluſieurs cho Que nous auions pluſieurs choſes par tradition"
                    HPOS="691"
                    VPOS="2767"
                    WIDTH="583"
                    HEIGHT="176"
                    WC="0.986092119415601"></String>
          </TextLine>
          <TextLine ID="line_23"
                    TAGREFS="LT8"
                    BASELINE="697 3010 1190 3012" 
                    HPOS="697"
                    VPOS="2923"
                    WIDTH="493"
                    HEIGHT="137">
            <Shape><Polygon POINTS="697 2923 1190 2934 1189 3049 697 3060"/></Shape>
	    <String CONTENT="ſes receues que nul ne reuoque en doubte, à ſcauoir Que le Pe¬"
                    HPOS="697"
                    VPOS="2923"
                    WIDTH="493"
                    HEIGHT="137"
                    WC="0.9863983402176509"></String>
          </TextLine>
          <TextLine ID="line_24"
                    TAGREFS="LT8"
                    BASELINE="697 3130 1178 3127 1236 3136" 
                    HPOS="697"
                    VPOS="3040"
                    WIDTH="549"
                    HEIGHT="154">
            <Shape><Polygon POINTS="697 3067 784 3040 1124 3040 1181 3070 1246 3070 1229 3181 697 3194"/></Shape>
	    <String CONTENT="par traditio re n’a eſté engendré, Que le Fils eſt conſubſtantiel,"
                    HPOS="697"
                    VPOS="3040"
                    WIDTH="549"
                    HEIGHT="154"
                    WC="0.9861846329534755"></String>
          </TextLine>
        </TextBlock>
        <TextBlock HPOS="1271"
                   VPOS="4408"
                   WIDTH="2547"
                   HEIGHT="841"
                   ID="block_6"
                   TAGREFS="BT2525">
          <Shape><Polygon POINTS="3818 4408 3818 5249 1271 5249 1271 4408"/></Shape>
          <TextLine ID="line_34"
                    TAGREFS="LT8"
                    BASELINE="1378 4502 3792 4485" 
                    HPOS="1375"
                    VPOS="4379"
                    WIDTH="2417"
                    HEIGHT="180">
            <Shape><Polygon POINTS="1378 4502 1378 4559 1482 4536 1745 4556 1749 4556 1862 4532 2306 4532 2326 4549 2330 4549 2333 4549 2336 4549 2443 4529 2463 4546 2466 4546 2470 4546 2473 4546 2476 4546 2503 4532 2667 4549 2670 4549 2673 4549 2677 4549 2710 4529 3228 4546 3231 4546 3234 4546 3238 4546 3258 4529 3518 4542 3521 4542 3525 4542 3528 4542 3548 4526 3785 4542 3792 4485 3785 4402 3485 4379 3481 4379 3478 4379 3388 4402 3384 4402 3381 4402 3334 4389 3331 4389 3328 4389 3324 4389 3321 4389 3308 4402 3301 4409 3294 4402 3261 4382 3258 4382 3254 4382 3251 4382 3141 4402 3107 4409 3101 4402 3074 4382 3071 4382 3067 4382 2850 4382 2847 4382 2844 4382 2800 4405 2790 4409 2780 4405 2730 4385 2727 4385 2723 4385 2720 4385 2717 4385 2693 4405 2680 4415 2563 4415 2550 4405 2517 4385 2513 4385 2510 4385 2507 4385 2370 4405 2306 4415 2169 4409 2073 4402 2069 4402 1842 4409 1525 4419 1505 4409 1468 4392 1465 4392 1462 4392 1375 4409 1378 4502"/></Shape>
	    <String CONTENT="Et ce que vous auez allegué de ſainct Auguſtin,"
                    HPOS="1375"
                    VPOS="4379"
                    WIDTH="2417"
                    HEIGHT="180"
                    WC="0.991641465574503"></String>
          </TextLine>
          <TextLine ID="line_35"
                    TAGREFS="LT8"
                    BASELINE="1281 4636 3802 4612" 
                    HPOS="1278"
                    VPOS="4516"
                    WIDTH="2524"
                    HEIGHT="183">
            <Shape><Polygon POINTS="1281 4636 1281 4699 1475 4676 1856 4689 1932 4692 1936 4692 1939 4692 1949 4689 1999 4669 2036 4686 2039 4686 2046 4689 2340 4689 2343 4689 2476 4679 2720 4662 2780 4676 2820 4682 2824 4682 2870 4672 2914 4666 2974 4672 3074 4682 3077 4682 3188 4669 3258 4659 3798 4659 3802 4612 3795 4542 3488 4542 3488 4539 3455 4516 3451 4516 3448 4516 3445 4516 3157 4539 3074 4549 2847 4549 2820 4539 2764 4522 2760 4522 2757 4522 2754 4522 2697 4539 2660 4552 2543 4552 2520 4539 2493 4526 2490 4526 2486 4526 2416 4539 2343 4552 2183 4539 2136 4536 2133 4536 2129 4536 2126 4536 2123 4539 2106 4552 2056 4539 2019 4529 2016 4529 2012 4529 1959 4539 1862 4556 1739 4539 1692 4532 1689 4532 1685 4532 1669 4539 1622 4552 1278 4539 1281 4636"/></Shape>
	    <String CONTENT="que les Conciles precedens ſe corrigent &amp; ſ&#x27;amen¬"
                    HPOS="1278"
                    VPOS="4516"
                    WIDTH="2524"
                    HEIGHT="183"
                    WC="0.9891161663191659"></String>
          </TextLine>
          <TextLine ID="line_36"
                    TAGREFS="LT8"
                    BASELINE="1278 4773 3805 4749" 
                    HPOS="1275"
                    VPOS="4656"
                    WIDTH="2530"
                    HEIGHT="173">
            <Shape><Polygon POINTS="1278 4773 1278 4806 1512 4809 1538 4829 1542 4829 1545 4829 1548 4829 1652 4806 2717 4819 2720 4819 3021 4816 3024 4816 3084 4793 3141 4813 3144 4813 3147 4813 3281 4793 3344 4813 3348 4813 3351 4813 3488 4789 3755 4803 3758 4803 3762 4803 3805 4783 3805 4749 3795 4662 3294 4679 3271 4666 3261 4656 3258 4656 3254 4656 3164 4656 3161 4656 3157 4656 3127 4666 3071 4682 2844 4666 2804 4666 2800 4666 2777 4669 2657 4682 2593 4669 2560 4662 2557 4662 2496 4669 2350 4689 2133 4672 2046 4666 2042 4666 1982 4672 1906 4682 1275 4679 1278 4773"/></Shape>
	    <String CONTENT="dent par les ſuyuans, neſt oncques aduenu en ce"
                    HPOS="1275"
                    VPOS="4656"
                    WIDTH="2530"
                    HEIGHT="173"
                    WC="0.9984805431771786"></String>
          </TextLine>
          <TextLine ID="line_37"
                    TAGREFS="LT8"
                    BASELINE="1301 4916 3808 4883" 
                    HPOS="1298"
                    VPOS="4776"
                    WIDTH="2510"
                    HEIGHT="190">
            <Shape><Polygon POINTS="1301 4916 1301 4966 1802 4943 1972 4959 1982 4959 1986 4959 1989 4959 1992 4959 2066 4939 2974 4946 2977 4946 2981 4946 2984 4946 3064 4926 3294 4943 3301 4943 3304 4943 3308 4943 3311 4943 3334 4923 3805 4936 3808 4883 3802 4803 3628 4776 3625 4776 3621 4776 3551 4803 3548 4803 3545 4803 3371 4779 3368 4779 3364 4779 3301 4806 3278 4789 3274 4789 3271 4789 3268 4789 3264 4789 3261 4789 3244 4806 3241 4809 2476 4813 2473 4813 2450 4793 2446 4793 2443 4793 2440 4793 2436 4793 2380 4813 2366 4816 2310 4813 2083 4796 2079 4796 1298 4819 1301 4916"/></Shape>
	    <String CONTENT="qui eſt de la doctrine: &amp; n&#x27;y a eu que trois Conciles"
                    HPOS="1298"
                    VPOS="4776"
                    WIDTH="2510"
                    HEIGHT="190"
                    WC="0.9901994264350747"></String>
          </TextLine>
          <TextLine ID="eSc_line_d6224d77"
                    TAGREFS="LT8"
                    BASELINE="1297 5052 1355 5040 3802 5013" 
                    HPOS="1281"
                    VPOS="4909"
                    WIDTH="2521"
                    HEIGHT="191">
            <Shape><Polygon POINTS="1498 4949 1505 4949 1545 4966 1615 4936 1625 4936 1725 4969 1729 4969 1779 4949 1785 4949 1926 4959 1979 4943 1989 4943 2022 4959 2106 4929 2113 4929 2199 4946 2303 4926 2563 4926 2637 4959 2767 4959 2767 4956 2847 4919 2854 4919 2997 4943 3041 4919 3044 4919 3191 4916 3194 4916 3318 4939 3398 4913 3401 4913 3692 4909 3698 4909 3798 4946 3802 5013 3802 5046 3695 5076 3688 5076 3491 5053 3465 5053 3458 5056 3404 5083 3398 5083 3184 5063 3181 5063 3004 5086 3001 5086 2914 5066 2887 5063 2854 5070 2747 5090 2744 5090 2593 5076 2530 5070 2410 5080 2243 5093 2236 5093 2216 5083 2189 5070 2046 5086 1942 5100 1936 5100 1882 5073 1525 5073 1303 5083 1281 4972"/></Shape>
	    <String CONTENT=""
                    HPOS="1281"
                    VPOS="4909"
                    WIDTH="2521"
                    HEIGHT="191"></String>
          </TextLine>
          <TextLine ID="eSc_line_e7e2815f"
                    TAGREFS="LT8"
                    BASELINE="1306 5181 1452 5176 3795 5146" 
                    HPOS="1304"
                    VPOS="5050"
                    WIDTH="2491"
                    HEIGHT="227">
            <Shape><Polygon POINTS="1392 5080 1398 5080 2022 5100 2093 5100 2169 5096 2219 5070 2229 5070 2296 5096 2320 5096 2423 5080 2426 5080 2807 5086 2884 5086 2944 5060 2954 5060 3021 5076 3067 5056 3074 5056 3448 5070 3488 5050 3495 5050 3621 5066 3738 5050 3745 5050 3792 5070 3795 5146 3795 5240 3568 5243 3561 5243 3468 5216 3451 5233 3441 5233 3358 5226 3308 5246 3291 5246 3244 5226 3181 5246 3171 5250 3164 5250 3121 5246 2830 5226 2680 5250 2673 5250 2600 5226 2453 5246 2446 5246 2406 5230 2196 5230 2116 5257 2086 5267 2076 5267 2059 5260 2016 5236 1862 5236 1802 5260 1779 5270 1772 5270 1729 5263 1639 5243 1465 5243 1415 5263 1388 5277 1378 5277 1348 5267 1311 5253 1309 5254 1304 5103"/></Shape>
	    <String CONTENT=""
                    HPOS="1304"
                    VPOS="5050"
                    WIDTH="2491"
                    HEIGHT="227"></String>
          </TextLine>
          <TextLine ID="line_38"
                    TAGREFS="LT8"
                    BASELINE="704 5083 1205 5070 1278 5055" 
                    HPOS="701"
                    VPOS="4974"
                    WIDTH="584"
                    HEIGHT="139">
            <Shape><Polygon POINTS="704 5083 701 4979 1208 4979 1238 4976 1262 4974 1285 5089 1258 5106 1248 5110 1241 5110 1158 5106 944 5100 704 5113"/></Shape>
	    <String CONTENT="renus du tẽps tenus du temps de ſainct Auguſtin, à ſcauoir le Cõ¬"
                    HPOS="701"
                    VPOS="4974"
                    WIDTH="584"
                    HEIGHT="139"
                    WC="0.9965017288923264"></String>
          </TextLine>
          <TextLine ID="line_39"
                    TAGREFS="LT8"
                    BASELINE="711 5200 1283 5181" 
                    HPOS="707"
                    VPOS="5096"
                    WIDTH="578"
                    HEIGHT="184">
            <Shape><Polygon POINTS="711 5200 707 5113 731 5100 744 5100 804 5120 914 5120 941 5096 954 5096 994 5113 1155 5096 1158 5096 1278 5110 1281 5109 1285 5261 1265 5267 1248 5270 1235 5270 1231 5267 1198 5246 1118 5267 1068 5280 1061 5280 711 5270"/></Shape>
	    <String CONTENT="de S.Auguſtin cile Nicene contre les Arriens, celuy de Conſtanti¬"
                    HPOS="707"
                    VPOS="5096"
                    WIDTH="578"
                    HEIGHT="184"
                    WC="0.989223049237178"></String>
          </TextLine>
        </TextBlock>
        <TextBlock HPOS="682"
                   VPOS="2783"
                   WIDTH="591"
                   HEIGHT="757"
                   ID="block_2"
                   TAGREFS="BT2523">
          <Shape><Polygon POINTS="1273 2783 1273 3540 682 3540 682 2783"/></Shape>
          <TextLine ID="line_19"
                    TAGREFS="LT8"
                    BASELINE="701 3254 1178 3244" 
                    HPOS="697"
                    VPOS="3157"
                    WIDTH="481"
                    HEIGHT="144">
            <Shape><Polygon POINTS="701 3254 701 3287 797 3301 801 3301 891 3284 924 3277 948 3281 1008 3297 1011 3297 1014 3297 1178 3274 1178 3244 1165 3157 1131 3174 1061 3164 1018 3157 1014 3157 1011 3157 1008 3157 994 3167 978 3177 941 3170 881 3160 877 3160 874 3160 871 3160 854 3177 847 3184 697 3184 701 3254"/></Shape>
	    <String CONTENT="qui ne ſont"
                    HPOS="697"
                    VPOS="3157"
                    WIDTH="481"
                    HEIGHT="144"
                    WC="0.9878654263236306"></String>
          </TextLine>
          <TextLine ID="line_20"
                    TAGREFS="LT8"
                    BASELINE="697 3364 1218 3364" 
                    HPOS="697"
                    VPOS="3294"
                    WIDTH="521"
                    HEIGHT="140">
            <Shape><Polygon POINTS="697 3364 697 3404 851 3427 854 3427 857 3427 861 3427 884 3411 887 3411 891 3411 911 3431 911 3434 914 3434 918 3434 921 3434 924 3434 928 3434 954 3414 961 3411 978 3414 1044 3434 1048 3434 1051 3434 1218 3421 1218 3364 1218 3297 697 3294 697 3364"/></Shape>
	    <String CONTENT="reuoquees en"
                    HPOS="697"
                    VPOS="3294"
                    WIDTH="521"
                    HEIGHT="140"
                    WC="0.9968284567197164"></String>
          </TextLine>
          <TextLine ID="line_21"
                    TAGREFS="LT8"
                    BASELINE="701 3484 1018 3477" 
                    HPOS="697"
                    VPOS="3377"
                    WIDTH="321"
                    HEIGHT="174">
            <Shape><Polygon POINTS="701 3484 701 3548 1014 3551 1018 3477 1011 3407 921 3407 914 3397 894 3381 894 3377 891 3377 887 3377 884 3377 881 3377 847 3394 821 3407 697 3384 701 3484"/></Shape>
	    <String CONTENT="doubte."
                    HPOS="697"
                    VPOS="3377"
                    WIDTH="321"
                    HEIGHT="174"
                    WC="0.9995478391647339"></String>
          </TextLine>
        </TextBlock>
        <TextBlock HPOS="688"
                   VPOS="4842"
                   WIDTH="594"
                   HEIGHT="422"
                   ID="block_3"
                   TAGREFS="BT2523">
          <Shape><Polygon POINTS="1282 4842 1282 5264 688 5264 688 4842"/></Shape>
          <TextLine ID="line_40"
                    TAGREFS="LT8"
                    BASELINE="707 4963 1271 4943" 
                    HPOS="701"
                    VPOS="4803"
                    WIDTH="570"
                    HEIGHT="200">
            <Shape><Polygon POINTS="707 4963 707 4999 1268 5003 1271 4943 1265 4839 1124 4803 1121 4803 1118 4803 1114 4803 1111 4803 1111 4806 1088 4829 1078 4843 991 4849 884 4819 861 4813 857 4813 701 4809 707 4963"/></Shape>
	    <String CONTENT="Trois Cõciles"
                    HPOS="701"
                    VPOS="4803"
                    WIDTH="570"
                    HEIGHT="200"
                    WC="0.9993898315089089"></String>
          </TextLine>
        </TextBlock>
      </PrintSpace>
    </Page>
  </Layout>
</alto>
