4096 6968
596 449 882 174 L’AN VIIIe XLV.

1904 394 1309 209 HISTOIRE DV ROY

913 2036 2981 120 Conſtantinople, de ſorte qu’en moins de deux ans, on veit ſortir de ce mõde ces troys

909 2585 2974 124 d’vn a fait faillir pluſieurs, & que preſque tous ſe laiſſent aller apres ceſte folle opinion

929 4304 2938 116 me à la poſterité, là où apres Sergie, il y en a qui n'ont change de nom aucunement.

909 5527 2950 136 ſant de l’Euangile, tellement que quinze Princes d’entre eux receurent le ſainct

3608 5922 244 147 Denys,

600 592 304 109 Pepin fait Pepin ſon neueu la iouiſſance du païs Aquitanique auec la prerogatiue du nom

600 685 300 127 Rοy d'A- Royal, mais auec condition que Pepin le tiendroit de Charles, & que ſ’il commettoit

603 781 315 117 quitaint, felonnie, celle couronne ſeroit reünié, & incorporée à celle de France, ainſi que de¬

607 855 267 112 & aue

603 888 307 133 auelle con puis il aduint, & où elle demoura long temps, & en ſortant ſi eſt-ce que iamais les

603 994 303 117 ditien. Princes d’Aquitaine ne iouyrent du tiltre de Royauté. Au reſte durant les guerres

634 1072 278 117 Gregoire d’entre les freres, mourut Gregoire quatriéme du nom, ſouuerain Eueſque de l’Egliſe

600 1172 291 113 quatnéme Chreſtienne, celuy qui l’an huit cens trente cinq, du viuant de Louys le Debonnaire,

603 1269 303 107 meurt l’an inſtitua la feſte de tous les ſaincts deuoir eſtre celebrée le premier iour de Nouembre

619 1351 278 135 845. & par toute la Chreſtienté, & cecy par la requeſte du bon Empereur Louys le Debon¬

600 1412 271 124 fait ſelen¬

603 1478 308 109 vifer la ſ naire: comme ainſi ſoit qu’auant luy, & enuiron l’an de noſtre ſalut ſix cens huit, Bo¬

596 1571 292 112 ſtε deτούς niface quatriéme du nom l’eut inſtituée en Rome ſeulement, & la feit celebrer le pre¬

596 1656 296 116 faĩct, l'an mier iour de May, ſous le nom de la glorieuſe vierge mere de noſtre Seigneur, & des

596 1745 291 114 835. ſaincts Martyrs: là où Gregoire y aiouſta toute la court celeſte, & ordonna le moys de

627 1834 273 94 Feſte des Nouembre pour ſolenniſer la feſte, qu’il voulut eſtre celebrée par toute la Chreſtien¬

588 1923 334 121 ſaincts iu-té. Et au meſme temps mourut auſſi Theophile fils de Michel le Begue Empereur de

592 1997 294 112 ſtituée l’an

592 2082 282 109 ſix rens

596 2120 309 129 huit paz grands monarques, chefs de l’Empire, tant ſpirituel que temporel des Chreſtiens. A

600 2222 287 116 Boniſace Gregoire ſucceda Sergie ſecond du nom, & Romain de nation, qu’on dit auoir eſté

596 2314 312 106 quatriéme nommé groin de pourceau, & que pour la ſaleté de ce nom, il prit celuy de Sergie,

600 2400 296 108 cheophile d’où eſt venuë depuis la couſtume que ceux qui viennent à la Paupauté changẽt leurs

603 2492 320 128 Empereur premiers noms, & prennent ceux de leurs predeceſſeurs. Mais d’autant que l’erreur

600 2566 282 105 de Cõſtãt

596 2640 290 127 nople mon

600 2705 300 120 rut bies ſortie des ſupputations de Martin Polonois Eueſque Conſentin, il faut voir la choſe

600 2788 308 130 toſt apres de pres, d’autant que cecy rechaſſé nous donnera cy apres moyen de refuter d’autres

603 2874 288 118 Gνεgοιre. faultes de ceſt auteur meſme. Onufrie alleguant Anaſtaſe ancien Bibliothecaire de

600 2976 304 117 Segιe ſur Rome, dit n’auoir trouué autheur approuué qui tienne ceſt aduis, ſauf que ce Martin

600 3054 301 126 nõmé groĩ Polonois, & Platine, qui ſ'aide d’vn, on le dit: pluſtoſt eſt prouué que ce Pape ſucceſ¬

600 3147 330 122 depercfail ſeur de Gregoire quatriéme, ſe nõmoit en propre nom Sergie: & que ſon ſurnõ eſtoit

603 3220 171 109 Pape.

603 3262 298 129 Martin po groin de porc:cõme ainſi ſoit qu’auant ſon Põtificat il fut appellé Sergie, & par conſe¬

603 3362 297 106 lonois en quent que ce ne fut lors que les Papes cõmencerent pratiquer le changemẽt de leurs

603 3449 284 106 ces chre-noms, ains que ce fut long temps apres, à ſçauoir l’an neuf cens cinquante quatre que

607 3545 297 101 niques. Iean douziéme, (que Platine dit treiziéme pour eſtablir la fable de Ieanne de Magon¬

669 3623 242 129 onufrie ce) vint au Pontificat, lequel ſe nommoit Octauian, & voyant ce nom ſe reſſentir du

607 3681 283 128 és Cõmen,

619 3758 287 113 ſerplasins gentiliſme, le laiſſa, & prit celuy de Iean: de ſorte que ſcomme dit le meſme Onu¬

650 3844 243 116 Sergie e- frie, alleguant Guillaume le Bibliothecaire) peu à peu depuis les Papes ſuyuirent

611 3921 301 135 ſtoir ainſ ceſte façon de faire, ayans auant venir à ceſte dignité, quelque nom peu ſeant à icelle,

619 4029 289 113 nõmέaυα̃͂τ ne failloyent à le changer, ainſi qu’en aduint des premiers Allemans appellez au ſainct

619 4111 302 109 que de-ſiege, tels que Brunon, Gerebert, Suidger, Popon, ou Brunon, Gebrard, Federie,

615 4196 308 119 ſtre Pape. Cadol, Anſeaulme, Hildebrand, leſquels tous pratiquans cecy, en ont laiſſé la couſtu¬

623 4269 271 124 Qui fut le

615 4362 283 109 premier P.

619 4413 283 116 pequi chz Or en l’an huit cens quarante cinq, l’heur des Frãçois & de leur Empire commençant

611 4501 303 124 gea ſon nõ ſ'affoiblir, les Danoys, & Normands ſ'emancipans, & laiſſans leur païs, ſe ruerent ſur

615 4601 297 98 venant au les terres des François, ainſi que dirons (Dieu aidant) cy apres, & qu’ils rauagerent

615 4676 272 115 Põtificat. la plus part de l’Europe, Harald, ou Herold, duquel auons parlé cy deſſus, & qui ſ'e¬

619 4765 313 116 L’an 845. ſtoit Chreſtienné ſous le Debonnaire, voyant que les infidelles eſtoyent les plus forts

619 4858 312 117 Heroldroy par toute la Peninſule Cymbrique, & païs de Dannemarch, & qu’ils abatoyent les

615 4931 271 101 des Da¬

619 4989 295 105 noys con- Egliſes qu’il y auoit faites baſtir, & maſſacroyent les Eccleſiaſtiques, auoyent rauagé

619 5057 294 126 traint de les terres de Diethmers, & de Meckelbourg, ne ſe voyant aſſeuré, quitta, & Royauté,

619 5170 306 121 quirterſon & Royaume duquel il n’auoit iouy vn bon moys en paix, & ſe retira vers Louys Roy

623 5253 277 116 pais. de Germanie, qui luy donna des terres au païs de Saxe, où il veſquit fort honorable¬

619 5349 294 104 Boeſmes cõ ment, priſé & reſpecté des Chreſtiens. En celle meſme ſaiſon les Boëſmes (autrement

619 5427 318 112 mencẽt em d̀ivs Zeches) qui ſont vne partie des Slaues, commencerent à ployer ſous le ioug plai¬

619 5500 271 109 braſſer Fl

611 5566 267 140 uangile.

615 5646 295 118 Adc.li.4 Bapteſme, & furent inſtruits en la foy par Bathuric Eueſque de Regenſpurg en Ba¬

615 5736 306 105 Guill, de uiere, ainſi le maintient Auentin en ſes Annales de Bauiere, ſ'aidant des Chroniques

611 5810 302 186 Nangr en de Guillaume de Nangis religieux de ſainct Benoiſt, en la maiſon Royale de ſainct
