<?xml version="1.0" encoding="UTF-8"?>
<alto xmlns:xsi="http://www.w3.org/2001/XMLSchema-instance"
      xmlns="http://www.loc.gov/standards/alto/ns-v4#"
      xsi:schemaLocation="http://www.loc.gov/standards/alto/ns-v4# http://www.loc.gov/standards/alto/v4/alto-4-2.xsd">
  <Description>
    <MeasurementUnit>pixel</MeasurementUnit>
    <sourceImageInformation>
      <fileName>page_206.jpg</fileName>
    </sourceImageInformation>
  </Description>
  <Tags>
    <OtherTag ID="BT7" LABEL="CustomZone" DESCRIPTION="block type CustomZone"/><OtherTag ID="BT8" LABEL="DamageZone" DESCRIPTION="block type DamageZone"/><OtherTag ID="BT9" LABEL="DigitizationArtefactZone" DESCRIPTION="block type DigitizationArtefactZone"/><OtherTag ID="BT10" LABEL="DropCapitalZone" DESCRIPTION="block type DropCapitalZone"/><OtherTag ID="BT11" LABEL="GraphicZone" DESCRIPTION="block type GraphicZone"/><OtherTag ID="BT12" LABEL="MainZone" DESCRIPTION="block type MainZone"/><OtherTag ID="BT13" LABEL="MarginTextZone" DESCRIPTION="block type MarginTextZone"/><OtherTag ID="BT14" LABEL="MusicZone" DESCRIPTION="block type MusicZone"/><OtherTag ID="BT15" LABEL="NumberingZone" DESCRIPTION="block type NumberingZone"/><OtherTag ID="BT17" LABEL="QuireMarksZone" DESCRIPTION="block type QuireMarksZone"/><OtherTag ID="BT18" LABEL="RunningTitleZone" DESCRIPTION="block type RunningTitleZone"/><OtherTag ID="BT19" LABEL="SealZone" DESCRIPTION="block type SealZone"/><OtherTag ID="BT20" LABEL="StampZone" DESCRIPTION="block type StampZone"/><OtherTag ID="BT21" LABEL="TableZone" DESCRIPTION="block type TableZone"/><OtherTag ID="BT22" LABEL="TitlePageZone" DESCRIPTION="block type TitlePageZone"/><OtherTag ID="BT2522" LABEL="MainZone-Continued" DESCRIPTION="block type MainZone-Continued"/><OtherTag ID="BT2523" LABEL="MarginTextZone-Notes" DESCRIPTION="block type MarginTextZone-Notes"/><OtherTag ID="BT2524" LABEL="MainZone-Head" DESCRIPTION="block type MainZone-Head"/><OtherTag ID="BT2525" LABEL="MainZone-P" DESCRIPTION="block type MainZone-P"/><OtherTag ID="BT2526" LABEL="MainZone-Signature" DESCRIPTION="block type MainZone-Signature"/><OtherTag ID="BT2527" LABEL="TitlePageZone-Index" DESCRIPTION="block type TitlePageZone-Index"/><OtherTag ID="BT2528" LABEL="MainZone-Entry" DESCRIPTION="block type MainZone-Entry"/><OtherTag ID="BT2529" LABEL="MainZone-Sp" DESCRIPTION="block type MainZone-Sp"/><OtherTag ID="BT2530" LABEL="GraphicZone-Decoration" DESCRIPTION="block type GraphicZone-Decoration"/><OtherTag ID="BT2531" LABEL="MarginTextZone-ManuscriptAddendum" DESCRIPTION="block type MarginTextZone-ManuscriptAddendum"/><OtherTag ID="BT2532" LABEL="MainZone-Other" DESCRIPTION="block type MainZone-Other"/><OtherTag ID="BT2533" LABEL="MainZone-ListItem" DESCRIPTION="block type MainZone-ListItem"/><OtherTag ID="BT2534" LABEL="GraphicZone-Head" DESCRIPTION="block type GraphicZone-Head"/><OtherTag ID="BT2535" LABEL="MainZone-Lg" DESCRIPTION="block type MainZone-Lg"/><OtherTag ID="BT2536" LABEL="MainZone-Date" DESCRIPTION="block type MainZone-Date"/>
    <OtherTag ID="LT7" LABEL="CustomLine" DESCRIPTION="line type CustomLine"/><OtherTag ID="LT8" LABEL="DefaultLine" DESCRIPTION="line type DefaultLine"/><OtherTag ID="LT9" LABEL="DropCapitalLine" DESCRIPTION="line type DropCapitalLine"/><OtherTag ID="LT10" LABEL="HeadingLine" DESCRIPTION="line type HeadingLine"/><OtherTag ID="LT11" LABEL="InterlinearLine" DESCRIPTION="line type InterlinearLine"/><OtherTag ID="LT12" LABEL="MusicLine" DESCRIPTION="line type MusicLine"/><OtherTag ID="LT749" LABEL="default" DESCRIPTION="line type default"/>
  </Tags>
  <Layout>
    <Page WIDTH="2382"
          HEIGHT="3368"
          PHYSICAL_IMG_NR="201"
          ID="eSc_dummypage_">
      <PrintSpace HPOS="0"
                  VPOS="0"
                  WIDTH="2382"
                  HEIGHT="3368">
        <TextBlock HPOS="1225"
                   VPOS="151"
                   WIDTH="458"
                   HEIGHT="88"
                   ID="block_0"
                   TAGREFS="BT18">
          <Shape><Polygon POINTS="1683 151 1683 239 1225 239 1225 151"/></Shape>
          <TextLine ID="line_2"
                    TAGREFS="LT10"
                    BASELINE="1223 215 1669 211" 
                    HPOS="1221"
                    VPOS="136"
                    WIDTH="448"
                    HEIGHT="112">
            <Shape><Polygon POINTS="1223 233 1266 243 1268 243 1317 235 1330 233 1334 235 1343 245 1343 246 1345 246 1347 246 1349 248 1444 248 1444 246 1446 246 1448 246 1448 245 1457 237 1463 232 1483 237 1510 245 1511 245 1513 245 1667 239 1669 211 1663 140 1472 145 1468 144 1448 136 1446 136 1444 136 1349 147 1345 147 1334 138 1334 136 1332 136 1330 136 1253 136 1251 136 1249 136 1221 147 1223 215"/></Shape>
	    <String CONTENT="L&#x27;AMIRAL"
                    HPOS="1221"
                    VPOS="136"
                    WIDTH="448"
                    HEIGHT="112"
                    WC="0.9998084679245949"></String>
          </TextLine>
        </TextBlock>
        <TextBlock HPOS="724"
                   VPOS="240"
                   WIDTH="1483"
                   HEIGHT="588"
                   ID="block_6"
                   TAGREFS="BT2522">
          <Shape><Polygon POINTS="2207 240 2207 828 724 828 724 240"/></Shape>
          <TextLine ID="line_3"
                    TAGREFS="LT8"
                    BASELINE="733 299 2196 295" 
                    HPOS="731"
                    VPOS="222"
                    WIDTH="1465"
                    HEIGHT="105">
            <Shape><Polygon POINTS="733 299 733 327 2194 327 2196 295 2194 245 2153 222 2151 222 2110 222 2108 222 2106 222 2105 222 2080 243 2030 222 2028 222 2026 222 2024 222 1977 243 1974 245 1949 245 1946 241 1921 222 1919 222 1917 222 1878 222 1876 222 1874 222 1873 222 1848 241 1843 245 1742 245 1736 239 1713 222 1712 222 1710 222 1669 222 1667 222 1665 222 1663 222 1644 237 1637 245 1455 246 1349 246 1334 233 1322 224 1321 224 1319 224 1317 224 1257 228 1255 228 1253 228 1248 233 1229 246 1135 246 1117 232 1107 224 1105 224 1103 224 1045 224 1044 224 1042 224 1029 230 999 245 965 230 952 224 950 224 866 224 864 224 862 224 853 228 821 246 798 246 774 228 770 224 769 224 767 224 765 224 731 226 733 299"/></Shape>
	    <String CONTENT="le auſdits pilotes &amp; lamaneurs; aller au deuant des"
                    HPOS="731"
                    VPOS="222"
                    WIDTH="1465"
                    HEIGHT="105"
                    WC="0.9862620526669073"></String>
          </TextLine>
          <TextLine ID="line_4"
                    TAGREFS="LT8"
                    BASELINE="733 381 2183 381" 
                    HPOS="733"
                    VPOS="321"
                    WIDTH="1450"
                    HEIGHT="92">
            <Shape><Polygon POINTS="733 381 733 398 941 402 961 413 963 413 965 413 1055 402 1079 400 1103 404 1148 409 1150 409 1384 406 1637 402 1667 409 1685 413 1687 413 1689 413 1730 409 1803 402 1899 411 1927 413 1929 413 1931 413 1932 413 1934 411 1946 402 2052 400 2181 413 2183 381 2183 333 2121 321 2120 321 1987 331 1919 321 1917 321 1916 321 1914 321 1899 333 1264 333 1169 321 1167 321 1103 331 1044 321 1042 321 1040 321 1038 321 1021 333 883 333 855 321 853 321 851 321 849 321 847 321 834 333 733 333 733 381"/></Shape>
	    <String CONTENT="nauires qui veullent entrer en noz ports, plus loing"
                    HPOS="733"
                    VPOS="321"
                    WIDTH="1450"
                    HEIGHT="92"
                    WC="0.9956131543104465"></String>
          </TextLine>
          <TextLine ID="line_5"
                    TAGREFS="LT8"
                    BASELINE="735 465 2185 465" 
                    HPOS="735"
                    VPOS="407"
                    WIDTH="1450"
                    HEIGHT="85">
            <Shape><Polygon POINTS="2176 449 2157 449 2138 449 2120 449 2101 449 2082 449 2063 449 2045 449 2026 449 2007 449 1989 449 1970 449 1951 449 1932 449 1914 449 1895 449 1876 449 1858 449 1839 449 1820 449 1801 449 1783 449 1764 449 1745 449 1727 449 1708 449 1689 449 1670 449 1652 449 1633 449 1614 449 1596 449 1577 449 1558 449 1539 449 1521 449 1502 449 1483 449 1465 449 1446 449 1427 449 1408 449 1390 449 1371 449 1364 426 1317 407 1315 407 770 407 769 407 767 407 765 407 735 428 735 465 735 482 800 492 802 492 1145 486 1373 482 1405 488 1429 492 1431 492 1433 492 1435 492 1438 488 1446 482 1998 482 2183 492 2185 465 2183 449 2176 449"/></Shape>
	    <String CONTENT="que la rade de la mer. Ny conti aiiure les fliarciiaris,"
                    HPOS="735"
                    VPOS="407"
                    WIDTH="1450"
                    HEIGHT="85"
                    WC="0.9661665186285973"></String>
          </TextLine>
          <TextLine ID="line_6"
                    TAGREFS="LT8"
                    BASELINE="735 546 2194 546" 
                    HPOS="735"
                    VPOS="482"
                    WIDTH="1459"
                    HEIGHT="92">
            <Shape><Polygon POINTS="735 546 735 563 812 574 813 574 993 565 1029 574 1031 574 1032 574 1034 574 1072 565 1126 574 1128 574 1130 574 1132 574 1143 565 1154 574 1156 574 1158 574 1160 574 1161 574 1193 565 2048 574 2050 574 2193 563 2194 546 2193 499 2159 499 2138 482 2136 482 2135 482 1888 482 1886 482 1884 482 1837 497 1508 484 1506 484 1504 484 1502 484 1483 499 1395 499 1375 486 1373 486 1371 486 1184 484 1182 484 1180 484 1154 493 1128 482 1126 482 1124 482 1122 482 1120 482 1100 499 1057 499 1042 486 1040 486 1038 486 971 482 969 482 735 497 735 546"/></Shape>
	    <String CONTENT="ou maiſtres des nauires, promettre ou bailler d’a¬"
                    HPOS="735"
                    VPOS="482"
                    WIDTH="1459"
                    HEIGHT="92"
                    WC="0.9994952630996704"></String>
          </TextLine>
          <TextLine ID="line_7"
                    TAGREFS="LT8"
                    BASELINE="735 632 2193 626" 
                    HPOS="733"
                    VPOS="566"
                    WIDTH="1460"
                    HEIGHT="103">
            <Shape><Polygon POINTS="735 632 735 654 772 666 774 666 776 666 858 656 875 654 879 656 896 669 898 669 900 669 901 669 1066 667 1068 667 1087 658 1090 656 1107 658 1193 669 1195 669 1197 669 1199 669 1212 658 1223 653 1345 660 1472 667 1474 667 1476 667 1498 662 1530 653 1599 653 1614 662 1622 667 1624 667 1626 667 1627 669 1704 669 1704 667 1706 667 1708 667 1713 662 1728 651 1925 651 1947 664 1947 666 1949 666 1951 666 1953 667 1996 667 1996 666 1998 666 2000 666 2024 651 2041 666 2043 666 2045 666 2047 667 2191 667 2193 626 2191 583 2153 566 2151 566 2149 566 2148 566 2097 583 2026 583 2005 566 2004 566 2002 566 1760 566 1758 566 1757 566 1755 566 1734 583 1695 585 1652 585 1633 568 1631 568 1629 568 1627 568 1626 568 1583 583 1493 568 1491 568 1489 568 1487 568 1465 585 1379 585 1349 568 1347 568 1298 568 1296 568 1294 568 1292 568 1278 581 1244 570 1242 570 1240 570 1238 570 1236 570 1214 587 1147 587 1094 570 1092 570 1090 570 1089 570 1087 570 1066 585 817 578 815 578 733 587 735 632"/></Shape>
	    <String CONTENT="uantage que le prix ſera arbitré par l’Amiral ou ſes"
                    HPOS="733"
                    VPOS="566"
                    WIDTH="1460"
                    HEIGHT="103"
                    WC="0.9911009905473241"></String>
          </TextLine>
          <TextLine ID="line_8"
                    TAGREFS="LT8"
                    BASELINE="733 716 2191 711" 
                    HPOS="731"
                    VPOS="654"
                    WIDTH="1460"
                    HEIGHT="92">
            <Shape><Polygon POINTS="733 716 733 746 2189 740 2191 711 2187 671 1983 669 1953 654 1951 654 1859 654 1858 654 1856 654 1854 654 1831 671 1641 671 1594 656 1592 656 1523 656 1521 656 1519 656 1476 673 1212 673 1145 671 1130 658 1128 658 1126 658 1124 658 883 671 856 658 855 658 784 658 782 658 780 658 731 673 733 716"/></Shape>
	    <String CONTENT="officiers preſens à ce cognoiſſans, nonobſtant tou¬"
                    HPOS="731"
                    VPOS="654"
                    WIDTH="1460"
                    HEIGHT="92"
                    WC="0.9920458954114181"></String>
          </TextLine>
          <TextLine ID="line_9"
                    TAGREFS="LT8"
                    BASELINE="735 800 1728 797" 
                    HPOS="733"
                    VPOS="737"
                    WIDTH="995"
                    HEIGHT="84">
            <Shape><Polygon POINTS="735 800 735 821 1727 817 1728 797 1725 754 1394 754 1229 737 1227 737 1225 737 1180 754 1019 739 1017 739 1016 739 980 754 952 744 950 744 948 744 748 746 746 746 744 746 733 752 735 800"/></Shape>
	    <String CONTENT="toutes pactions faites au contraire."
                    HPOS="733"
                    VPOS="737"
                    WIDTH="995"
                    HEIGHT="84"
                    WC="0.9962183005279965"></String>
          </TextLine>
        </TextBlock>
        <TextBlock HPOS="726"
                   VPOS="827"
                   WIDTH="1486"
                   HEIGHT="837"
                   ID="block_4"
                   TAGREFS="BT2525">
          <Shape><Polygon POINTS="2212 827 2212 1664 726 1664 726 827"/></Shape>
          <TextLine ID="line_10"
                    TAGREFS="LT8"
                    BASELINE="735 883 2194 879" 
                    HPOS="733"
                    VPOS="819"
                    WIDTH="1461"
                    HEIGHT="84">
            <Shape><Polygon POINTS="735 883 735 901 2191 903 2194 879 2191 830 2101 819 2099 819 2054 828 2047 830 2000 828 1742 819 1740 819 1676 828 1661 830 1631 828 1500 819 1498 819 1496 819 1463 828 1453 830 1420 828 1315 821 1313 821 1278 828 1255 832 1221 828 1165 821 1163 821 1042 828 963 832 941 828 907 821 905 821 903 821 877 828 856 832 733 828 735 883"/></Shape>
	    <String CONTENT="60. Les maiſtres des nauires, ne ſeront contraints"
                    HPOS="733"
                    VPOS="819"
                    WIDTH="1461"
                    HEIGHT="84"
                    WC="0.9993348491191864"></String>
          </TextLine>
          <TextLine ID="line_11"
                    TAGREFS="LT8"
                    BASELINE="737 967 2194 963" 
                    HPOS="735"
                    VPOS="907"
                    WIDTH="1459"
                    HEIGHT="84">
            <Shape><Polygon POINTS="737 967 737 980 980 991 982 991 1145 982 1182 980 1496 980 1511 982 1554 989 1556 989 2193 982 2194 963 2189 907 735 909 737 967"/></Shape>
	    <String CONTENT="prendre pilote ou lamaneur, pour entrer ou ſortir"
                    HPOS="735"
                    VPOS="907"
                    WIDTH="1459"
                    HEIGHT="84"
                    WC="0.9971638066428048"></String>
          </TextLine>
          <TextLine ID="line_12"
                    TAGREFS="LT8"
                    BASELINE="737 1047 2194 1051" 
                    HPOS="737"
                    VPOS="980"
                    WIDTH="1457"
                    HEIGHT="95">
            <Shape><Polygon POINTS="737 1047 737 1072 1431 1064 1476 1074 1483 1075 1485 1075 1517 1075 1687 1066 2009 1066 2047 1075 2048 1075 2050 1075 2052 1075 2116 1066 2191 1075 2194 1051 2194 995 2155 982 2153 982 2151 982 1878 995 1871 995 1869 995 1822 982 1820 982 1818 982 1704 995 1699 995 1695 995 1650 982 1648 982 1646 982 1644 982 1622 995 1618 997 1556 997 1545 995 1431 980 1429 980 1025 993 997 993 995 993 982 982 980 982 978 982 976 982 916 989 896 980 894 980 892 980 834 993 827 993 737 993 737 1047"/></Shape>
	    <String CONTENT="hors les haures; fors les eſtrãgers. Et ou ils en auroiẽt,"
                    HPOS="737"
                    VPOS="980"
                    WIDTH="1457"
                    HEIGHT="95"
                    WC="0.991607669989268"></String>
          </TextLine>
          <TextLine ID="line_13"
                    TAGREFS="LT8"
                    BASELINE="735 1133 2193 1130" 
                    HPOS="733"
                    VPOS="1079"
                    WIDTH="1460"
                    HEIGHT="92">
            <Shape><Polygon POINTS="735 1133 735 1156 808 1156 812 1158 825 1169 827 1169 828 1169 830 1169 935 1158 943 1158 954 1158 1111 1167 1113 1167 1115 1167 1117 1167 1128 1158 1132 1156 1161 1158 1272 1169 1274 1171 1448 1171 1448 1169 1450 1169 1468 1160 1480 1154 1588 1154 1597 1160 1605 1167 1607 1167 1609 1167 1611 1167 1612 1167 1639 1160 1650 1158 1674 1160 1728 1167 1730 1167 1732 1167 1734 1167 1742 1161 1751 1154 1848 1154 1861 1161 1871 1167 1873 1167 1874 1167 1876 1167 2191 1161 2193 1130 2189 1090 2002 1079 2000 1079 1998 1079 1974 1090 1560 1090 1478 1079 1476 1079 1418 1090 1184 1081 1182 1081 1126 1090 1070 1081 1068 1081 733 1092 735 1133"/></Shape>
	    <String CONTENT="ne payeront rien à ceux qu’ils n’y auroiét employez:"
                    HPOS="733"
                    VPOS="1079"
                    WIDTH="1460"
                    HEIGHT="92"
                    WC="0.9809523026148478"></String>
          </TextLine>
          <TextLine ID="line_14"
                    TAGREFS="LT8"
                    BASELINE="737 1219 2194 1212" 
                    HPOS="735"
                    VPOS="1152"
                    WIDTH="1459"
                    HEIGHT="94">
            <Shape><Polygon POINTS="737 1219 737 1246 2193 1236 2194 1212 2191 1171 2114 1158 2112 1158 2110 1158 2080 1169 2035 1152 2033 1152 2032 1152 2030 1152 1983 1171 1846 1171 1824 1154 1822 1154 1820 1154 1764 1154 1762 1154 1760 1154 1706 1171 1704 1171 1639 1154 1637 1154 1635 1154 1633 1154 1605 1169 1495 1160 1493 1160 1491 1160 1463 1173 1461 1173 1362 1173 1195 1171 1167 1156 1165 1156 1163 1156 1096 1173 978 1173 959 1158 958 1158 956 1158 913 1158 911 1158 853 1171 838 1158 836 1158 834 1158 750 1158 748 1158 746 1158 744 1158 744 1160 735 1167 737 1219"/></Shape>
	    <String CONTENT="Si le pilote ou lamaneur, à marchandé mettre le na¬"
                    HPOS="735"
                    VPOS="1152"
                    WIDTH="1459"
                    HEIGHT="94"
                    WC="0.9628552895671917"></String>
          </TextLine>
          <TextLine ID="line_15"
                    TAGREFS="LT8"
                    BASELINE="735 1302 2200 1298" 
                    HPOS="733"
                    VPOS="1236"
                    WIDTH="1467"
                    HEIGHT="90">
            <Shape><Polygon POINTS="735 1302 735 1322 2196 1326 2200 1298 2196 1251 2135 1236 2088 1236 2086 1236 2084 1236 2082 1236 2063 1249 1921 1236 1919 1236 1917 1236 1916 1236 1899 1251 1706 1251 1601 1236 1599 1236 1597 1236 1549 1249 1466 1236 1465 1236 1416 1238 1414 1238 1412 1238 1397 1251 1395 1251 1347 1251 1225 1251 1210 1238 1208 1238 1206 1238 1205 1238 1203 1238 1158 1249 1120 1238 1118 1238 1117 1238 1029 1249 866 1238 864 1238 862 1238 832 1249 789 1238 787 1238 785 1238 784 1238 733 1251 735 1302"/></Shape>
	    <String CONTENT="uire hors ou dedans, ne l’abandonnera qu’il ne ſoit"
                    HPOS="733"
                    VPOS="1236"
                    WIDTH="1467"
                    HEIGHT="90"
                    WC="0.9994117103370965"></String>
          </TextLine>
          <TextLine ID="line_16"
                    TAGREFS="LT8"
                    BASELINE="737 1382 2189 1386" 
                    HPOS="735"
                    VPOS="1319"
                    WIDTH="1454"
                    HEIGHT="97">
            <Shape><Polygon POINTS="737 1382 735 1405 1124 1412 1126 1412 1175 1408 1263 1401 1416 1410 1493 1414 1495 1414 1525 1410 1586 1403 1833 1403 1848 1412 1848 1414 1850 1414 1852 1414 1854 1416 1906 1416 1906 1414 1929 1414 2076 1403 2185 1414 2189 1386 2189 1332 1902 1321 1901 1321 1899 1321 1897 1321 1886 1330 1882 1334 1762 1334 1743 1330 1669 1321 1667 1321 1594 1330 1590 1330 1584 1330 1523 1321 1521 1321 1519 1321 1517 1321 1504 1330 1502 1332 1334 1332 1332 1330 1307 1319 1306 1319 1304 1319 1188 1330 1175 1332 922 1332 920 1330 907 1319 905 1319 903 1319 901 1319 855 1330 847 1330 737 1330 737 1382"/></Shape>
	    <String CONTENT="entré au quay: ou ſortãt qu’il ne ſoit en plaine mer,"
                    HPOS="735"
                    VPOS="1319"
                    WIDTH="1454"
                    HEIGHT="97"
                    WC="0.988060491735285"></String>
          </TextLine>
          <TextLine ID="line_17"
                    TAGREFS="LT8"
                    BASELINE="737 1466 2196 1466" 
                    HPOS="737"
                    VPOS="1403"
                    WIDTH="1459"
                    HEIGHT="95">
            <Shape><Polygon POINTS="737 1466 737 1481 827 1498 828 1498 967 1485 1070 1498 1072 1498 1345 1487 1384 1485 1399 1487 1483 1498 1485 1498 1536 1487 1556 1483 1627 1485 1629 1489 1642 1498 1644 1498 1646 1498 1648 1498 1650 1498 1672 1489 1684 1483 1697 1489 1708 1493 1710 1493 1712 1493 1757 1489 1818 1483 1889 1489 1925 1493 1927 1493 1942 1491 1974 1483 2007 1491 2045 1498 2047 1498 2194 1491 2196 1466 2194 1416 2076 1403 2075 1403 1902 1414 1893 1414 1888 1414 1796 1403 1706 1403 1704 1403 1702 1403 1700 1403 1684 1414 1682 1414 1678 1414 1624 1403 1622 1403 1515 1414 1498 1414 1465 1414 1259 1403 1257 1403 1160 1412 1135 1414 1117 1412 1045 1403 1044 1403 1042 1403 1021 1412 1016 1414 995 1412 924 1403 922 1403 737 1410 737 1466"/></Shape>
	    <String CONTENT="ſur peine de punition corporelle, &amp; de tous deſpens"
                    HPOS="737"
                    VPOS="1403"
                    WIDTH="1459"
                    HEIGHT="95"
                    WC="0.9977752765019735"></String>
          </TextLine>
          <TextLine ID="line_18"
                    TAGREFS="LT8"
                    BASELINE="739 1547 2200 1551" 
                    HPOS="739"
                    VPOS="1500"
                    WIDTH="1461"
                    HEIGHT="88">
            <Shape><Polygon POINTS="2196 1549 2178 1549 2159 1549 2140 1549 2121 1549 2103 1549 2084 1549 2065 1549 2047 1549 2028 1549 2009 1549 1990 1549 1972 1549 1953 1549 1934 1549 1916 1549 1897 1549 1878 1549 1859 1549 1841 1549 1822 1549 1803 1549 1785 1549 1766 1549 1747 1549 1730 1545 1712 1545 1693 1545 1674 1545 1655 1545 1637 1545 1618 1545 1599 1545 1581 1545 1562 1545 1543 1545 1525 1545 1506 1545 1487 1545 1468 1545 1450 1545 1431 1545 1412 1545 1394 1545 1375 1545 1365 1513 1350 1500 1349 1500 1347 1500 1345 1500 1233 1509 1212 1500 1210 1500 1208 1500 1040 1511 1017 1511 1006 1509 952 1500 950 1500 739 1504 739 1547 739 1588 2198 1588 2200 1551 2198 1549 2196 1549"/></Shape>
	    <String CONTENT="dommages &amp; intereſts, du payemene derjucioreroe"
                    HPOS="739"
                    VPOS="1500"
                    WIDTH="1461"
                    HEIGHT="88"
                    WC="0.9669209883568135"></String>
          </TextLine>
          <TextLine ID="line_19"
                    TAGREFS="LT8"
                    BASELINE="739 1635 1345 1635" 
                    HPOS="739"
                    VPOS="1592"
                    WIDTH="606"
                    HEIGHT="78">
            <Shape><Polygon POINTS="739 1635 739 1654 789 1669 791 1669 793 1670 864 1670 864 1669 866 1669 900 1655 926 1669 928 1669 929 1670 929 1669 931 1669 956 1655 959 1655 997 1655 999 1655 1010 1667 1010 1669 1012 1669 1014 1669 1016 1670 1085 1670 1085 1669 1087 1669 1089 1669 1089 1667 1100 1657 1102 1655 1173 1655 1178 1657 1195 1669 1197 1669 1199 1669 1201 1669 1203 1669 1234 1657 1236 1657 1251 1669 1253 1669 1255 1669 1257 1669 1345 1657 1345 1635 1345 1592 739 1592 739 1635"/></Shape>
	    <String CONTENT="contraints par corps."
                    HPOS="739"
                    VPOS="1592"
                    WIDTH="606"
                    HEIGHT="78"
                    WC="0.9987306538082305"></String>
          </TextLine>
        </TextBlock>
        <TextBlock HPOS="736"
                   VPOS="1661"
                   WIDTH="1478"
                   HEIGHT="500"
                   ID="block_5"
                   TAGREFS="BT2525">
          <Shape><Polygon POINTS="2214 1661 2214 2161 736 2161 736 1661"/></Shape>
          <TextLine ID="line_21"
                    TAGREFS="LT8"
                    BASELINE="740 1727 813 1719 2200 1719" 
                    HPOS="739"
                    VPOS="1652"
                    WIDTH="1461"
                    HEIGHT="95">
            <Shape><Polygon POINTS="740 1727 740 1747 2198 1743 2200 1719 2198 1669 1979 1652 1977 1652 1975 1652 1974 1652 1949 1669 1873 1669 1863 1669 1788 1652 1786 1652 1785 1652 1783 1652 1762 1669 1758 1669 1685 1669 1657 1654 1655 1654 1654 1654 1652 1654 1650 1654 1629 1669 1626 1670 1523 1670 1511 1669 1414 1652 1412 1652 1410 1652 1408 1652 1386 1669 1382 1670 1281 1670 1278 1669 1236 1652 1234 1652 1233 1652 1231 1652 1229 1652 1208 1669 1188 1652 1186 1652 1184 1652 1182 1652 1122 1663 1089 1652 1087 1652 1085 1652 1083 1652 1042 1669 1040 1669 1038 1669 1017 1652 1016 1652 1014 1652 967 1652 965 1652 963 1652 926 1667 873 1655 871 1655 870 1655 847 1669 843 1669 739 1669 740 1727"/></Shape>
	    <String CONTENT="91. Deffendu ſur les meſmes peines, à tous d’entrer"
                    HPOS="739"
                    VPOS="1652"
                    WIDTH="1461"
                    HEIGHT="95"
                    WC="0.9950942465892205"></String>
          </TextLine>
          <TextLine ID="line_22"
                    TAGREFS="LT8"
                    BASELINE="739 1800 2196 1803" 
                    HPOS="739"
                    VPOS="1738"
                    WIDTH="1457"
                    HEIGHT="86">
            <Shape><Polygon POINTS="739 1800 739 1824 2194 1822 2196 1803 2194 1755 2131 1755 2131 1753 2114 1740 2112 1740 2110 1740 2108 1740 2106 1740 2058 1751 1912 1740 1910 1740 1908 1740 1906 1740 1889 1753 1839 1753 1783 1740 1781 1740 1779 1740 1777 1740 1760 1751 1757 1755 1547 1755 1538 1751 1508 1740 1506 1740 1504 1740 1502 1740 1500 1740 1487 1751 1485 1753 1380 1753 1377 1749 1362 1738 1360 1738 1358 1738 1356 1738 1354 1738 1326 1749 1321 1751 1313 1749 1270 1738 1268 1738 1266 1738 1186 1749 1163 1753 1126 1753 1122 1749 1109 1738 1107 1738 1105 1738 1103 1738 1102 1738 1062 1747 1049 1753 875 1753 853 1747 808 1738 806 1738 739 1745 739 1800"/></Shape>
	    <String CONTENT="de iour ou de nuict, és nauires outre le gré des mai¬"
                    HPOS="739"
                    VPOS="1738"
                    WIDTH="1457"
                    HEIGHT="86"
                    WC="0.9927914478562095"></String>
          </TextLine>
          <TextLine ID="line_23"
                    TAGREFS="LT8"
                    BASELINE="737 1884 2194 1887" 
                    HPOS="735"
                    VPOS="1820"
                    WIDTH="1459"
                    HEIGHT="92">
            <Shape><Polygon POINTS="737 1884 735 1901 1626 1912 1627 1912 2193 1902 2194 1887 2193 1835 1998 1835 1996 1833 1983 1822 1981 1822 1979 1822 1977 1822 1893 1833 1886 1835 1816 1835 1813 1833 1792 1822 1790 1822 1788 1822 1655 1831 1633 1833 1611 1831 1498 1822 1496 1822 1495 1822 1493 1822 1481 1831 1450 1820 1448 1820 1446 1820 1444 1820 1405 1829 1302 1820 1300 1820 1244 1831 1234 1831 1070 1831 1070 1829 1059 1820 1057 1820 1055 1820 1053 1820 1051 1820 1017 1829 1010 1833 963 1833 959 1829 946 1820 944 1820 943 1820 941 1820 896 1829 883 1831 860 1829 784 1820 782 1820 737 1828 737 1884"/></Shape>
	    <String CONTENT="ſtres; fors les miniſtres de iuſtice. Et à tous de pren¬"
                    HPOS="735"
                    VPOS="1820"
                    WIDTH="1459"
                    HEIGHT="92"
                    WC="0.9925132937598646"></String>
          </TextLine>
          <TextLine ID="line_24"
                    TAGREFS="LT8"
                    BASELINE="739 1968 2194 1974" 
                    HPOS="737"
                    VPOS="1902"
                    WIDTH="1457"
                    HEIGHT="103">
            <Shape><Polygon POINTS="739 1968 737 1981 774 1994 776 1994 778 1994 858 1985 905 2000 907 2000 909 2000 999 1985 1010 1985 1053 1987 1191 1994 1193 1994 1356 1990 1601 1987 1670 1987 1684 1996 1687 2000 1689 2000 1691 2000 1693 2000 1728 1998 1824 1988 1871 2000 1889 2003 1891 2005 2193 2005 2194 1974 2194 1916 2178 1904 2176 1904 2174 1904 2172 1904 2170 1904 2144 1917 2140 1921 2028 1921 2020 1917 2005 1906 2004 1906 2002 1906 2000 1906 1908 1916 1904 1916 1902 1916 1889 1904 1888 1904 1886 1904 1455 1902 1453 1902 1452 1902 1423 1912 1418 1914 1373 1912 1298 1908 1296 1908 1294 1908 1292 1908 1289 1912 1278 1917 1148 1917 1133 1910 1118 1904 1117 1904 1115 1904 1062 1910 1002 1916 739 1908 739 1968"/></Shape>
	    <String CONTENT="dre rien en iceux contre le vouloir de l’equipage: à"
                    HPOS="737"
                    VPOS="1902"
                    WIDTH="1457"
                    HEIGHT="103"
                    WC="0.9962683027645327"></String>
          </TextLine>
          <TextLine ID="line_25"
                    TAGREFS="LT8"
                    BASELINE="739 2058 2194 2054" 
                    HPOS="737"
                    VPOS="1996"
                    WIDTH="1457"
                    HEIGHT="99">
            <Shape><Polygon POINTS="739 2058 739 2082 1414 2095 1416 2095 1605 2086 2041 2093 2043 2093 2193 2078 2194 2054 2191 2011 2082 2011 2080 2009 2062 1996 2060 1996 2058 1996 2056 1996 2054 1996 2009 2009 2007 2011 1641 2011 1637 2009 1618 1996 1616 1996 1614 1996 1612 1996 1611 1996 1571 2007 1556 1996 1554 1996 1553 1996 1493 1996 1491 1996 1489 1996 1457 2007 1448 2011 1418 2007 1360 2002 1358 2002 1356 2002 1354 2002 1347 2007 1341 2013 1160 2013 1152 2007 1137 1998 1135 1998 1133 1998 1132 1998 1074 2007 1068 2007 1060 2007 974 1998 973 1998 737 2005 739 2058"/></Shape>
	    <String CONTENT="peine de punition corporelle &amp; autres amendes ar¬"
                    HPOS="737"
                    VPOS="1996"
                    WIDTH="1457"
                    HEIGHT="99"
                    WC="0.9965234909738813"></String>
          </TextLine>
          <TextLine ID="line_26"
                    TAGREFS="LT8"
                    BASELINE="739 2138 1010 2138" 
                    HPOS="739"
                    VPOS="2082"
                    WIDTH="271"
                    HEIGHT="86">
            <Shape><Polygon POINTS="739 2138 739 2168 1010 2159 1010 2138 1010 2099 879 2082 877 2082 784 2097 763 2082 761 2082 759 2082 757 2082 755 2082 754 2082 739 2093 739 2138"/></Shape>
	    <String CONTENT="bitraires."
                    HPOS="739"
                    VPOS="2082"
                    WIDTH="271"
                    HEIGHT="86"
                    WC="0.9822017669677734"></String>
          </TextLine>
        </TextBlock>
        <TextBlock HPOS="730"
                   VPOS="2163"
                   WIDTH="1489"
                   HEIGHT="608"
                   ID="block_3"
                   TAGREFS="BT2525">
          <Shape><Polygon POINTS="2219 2163 2219 2771 730 2771 730 2163"/></Shape>
          <TextLine ID="eSc_line_722ed538"
                    TAGREFS="LT749"
                    BASELINE="744 2228 973 2222 2193 2226" 
                    HPOS="743"
                    VPOS="2151"
                    WIDTH="1450"
                    HEIGHT="103">
            <Shape><Polygon POINTS="847 2176 868 2161 871 2161 965 2151 967 2151 1053 2161 1139 2151 1143 2151 1178 2170 1248 2170 1304 2151 1307 2151 1364 2161 1448 2151 1453 2151 1481 2170 1633 2151 1637 2151 1682 2172 1790 2151 1796 2151 1826 2172 2191 2176 2193 2226 2191 2247 1715 2254 1713 2254 1676 2250 1607 2243 1483 2252 1437 2254 1435 2254 1412 2252 1339 2243 769 2243 750 2254 746 2254 745 2254 743 2176"/></Shape>
	    <String CONTENT=""
                    HPOS="743"
                    VPOS="2151"
                    WIDTH="1450"
                    HEIGHT="103"></String>
          </TextLine>
          <TextLine ID="line_28"
                    TAGREFS="LT8"
                    BASELINE="735 2303 2196 2310" 
                    HPOS="733"
                    VPOS="2243"
                    WIDTH="1463"
                    HEIGHT="84">
            <Shape><Polygon POINTS="735 2303 733 2325 2193 2327 2196 2310 2196 2258 2164 2247 2163 2247 2161 2247 2067 2256 2063 2256 2058 2256 1815 2245 1813 2245 1743 2254 1742 2254 1646 2245 1644 2245 1446 2252 1425 2243 1423 2243 1422 2243 735 2249 735 2303"/></Shape>
	    <String CONTENT="riniers &amp; autres: de deſcharger de nuict, marchandi¬"
                    HPOS="733"
                    VPOS="2243"
                    WIDTH="1463"
                    HEIGHT="84"
                    WC="0.9973428295208857"></String>
          </TextLine>
          <TextLine ID="line_29"
                    TAGREFS="LT8"
                    BASELINE="739 2387 2198 2393" 
                    HPOS="737"
                    VPOS="2323"
                    WIDTH="1461"
                    HEIGHT="100">
            <Shape><Polygon POINTS="739 2387 737 2404 860 2419 862 2419 1012 2408 1031 2408 1049 2409 1143 2419 1145 2419 1147 2419 1148 2419 1158 2409 1163 2408 1216 2408 1236 2411 1285 2421 1287 2421 1330 2413 1347 2409 1390 2413 1472 2421 1474 2421 1526 2415 1562 2411 1599 2415 1637 2421 1639 2421 1661 2417 1699 2409 1734 2417 1758 2423 1760 2423 1762 2423 1779 2419 1805 2411 2194 2423 2198 2393 2194 2333 1854 2342 1826 2331 1816 2327 1815 2327 1813 2327 1811 2327 1809 2327 1805 2331 1788 2344 1760 2344 1719 2331 1712 2329 1710 2329 1708 2329 1706 2329 1699 2331 1659 2340 1553 2331 1515 2327 1513 2327 1511 2327 1510 2327 1506 2331 1491 2340 1324 2331 1322 2331 1321 2331 1298 2340 1253 2329 1225 2323 1223 2323 739 2327 739 2387"/></Shape>
	    <String CONTENT="ſes ny autres choſes, aux rades, ports, haures ou dãs"
                    HPOS="737"
                    VPOS="2323"
                    WIDTH="1461"
                    HEIGHT="100"
                    WC="0.9861037024745235"></String>
          </TextLine>
          <TextLine ID="line_30"
                    TAGREFS="LT8"
                    BASELINE="739 2469 2198 2477" 
                    HPOS="739"
                    VPOS="2409"
                    WIDTH="1459"
                    HEIGHT="103">
            <Shape><Polygon POINTS="2194 2434 1992 2434 1981 2430 1959 2417 1957 2417 1955 2417 1880 2426 1839 2417 1837 2417 1835 2417 1833 2417 1831 2417 1816 2426 1807 2434 1738 2434 1723 2424 1700 2415 1699 2415 1697 2415 1654 2424 1641 2426 1624 2423 1579 2415 1577 2415 1575 2415 1573 2415 1564 2423 1547 2434 1481 2434 1463 2421 1453 2413 1452 2413 1450 2413 1448 2413 1403 2421 1384 2423 1367 2419 1339 2413 1337 2413 1336 2413 1334 2413 1326 2419 1309 2432 1139 2432 1111 2415 1105 2411 1103 2411 1102 2411 1057 2411 1055 2411 1053 2411 1051 2411 1047 2413 1023 2430 959 2430 922 2411 920 2411 918 2411 916 2411 915 2411 913 2411 890 2430 793 2430 740 2409 739 2469 739 2497 804 2497 808 2499 821 2509 823 2509 825 2509 827 2509 888 2499 907 2497 956 2499 1117 2511 1118 2512 1214 2512 1214 2511 1216 2511 1233 2503 1238 2499 1266 2503 1330 2511 1332 2511 1394 2503 1431 2499 1455 2503 1498 2512 1500 2512 2196 2509 2198 2477 2194 2434"/></Shape>
	    <String CONTENT="les riuieres, ſur peine du foüet. Et ſeront leſdits ayans"
                    HPOS="739"
                    VPOS="2409"
                    WIDTH="1459"
                    HEIGHT="103"
                    WC="0.980235787301228"></String>
          </TextLine>
          <TextLine ID="line_31"
                    TAGREFS="LT8"
                    BASELINE="739 2552 2202 2559" 
                    HPOS="739"
                    VPOS="2497"
                    WIDTH="1463"
                    HEIGHT="92">
            <Shape><Polygon POINTS="739 2552 739 2589 2200 2589 2202 2559 2202 2512 2121 2503 2120 2503 2118 2503 2088 2512 2071 2516 2052 2512 2018 2503 2017 2503 2015 2503 1970 2512 1953 2514 1931 2512 1867 2503 1865 2503 1863 2503 1861 2503 1848 2512 1841 2516 1539 2516 1517 2512 1422 2499 1420 2499 1418 2499 1416 2499 1401 2512 1399 2514 974 2514 973 2512 954 2497 952 2497 950 2497 916 2497 915 2497 913 2497 885 2512 883 2514 827 2514 825 2512 808 2497 806 2497 804 2497 765 2497 763 2497 761 2497 739 2509 739 2552"/></Shape>
	    <String CONTENT="chargé, tenuz par empriſonnement, reſpondre de"
                    HPOS="739"
                    VPOS="2497"
                    WIDTH="1463"
                    HEIGHT="92"
                    WC="0.9994142321830101"></String>
          </TextLine>
          <TextLine ID="line_32"
                    TAGREFS="LT8"
                    BASELINE="739 2638 2204 2643" 
                    HPOS="737"
                    VPOS="2582"
                    WIDTH="1467"
                    HEIGHT="88">
            <Shape><Polygon POINTS="739 2638 737 2664 2200 2670 2204 2643 2202 2598 1987 2585 1985 2585 1925 2597 1919 2597 1908 2597 1786 2587 1785 2587 1783 2587 1764 2597 1762 2597 1758 2597 1719 2584 1717 2584 1715 2584 1560 2595 1554 2595 1551 2595 1472 2584 1470 2584 1468 2584 1446 2595 1444 2597 1231 2597 1223 2593 1165 2582 1163 2582 1111 2593 1109 2593 1107 2593 1006 2582 1004 2582 739 2591 739 2638"/></Shape>
	    <String CONTENT="tous deſpens dommages &amp; intereſts: en cas de con¬"
                    HPOS="737"
                    VPOS="2582"
                    WIDTH="1467"
                    HEIGHT="88"
                    WC="0.9973045903809217"></String>
          </TextLine>
          <TextLine ID="line_33"
                    TAGREFS="LT8"
                    BASELINE="737 2720 2202 2728" 
                    HPOS="737"
                    VPOS="2660"
                    WIDTH="1465"
                    HEIGHT="105">
            <Shape><Polygon POINTS="737 2720 737 2752 1126 2750 1158 2752 1253 2761 1255 2761 1257 2761 1276 2752 1283 2748 1336 2752 1472 2763 1474 2763 1476 2763 1478 2763 1491 2754 1635 2761 1637 2761 1685 2752 1697 2750 1713 2752 1777 2759 1779 2759 1781 2759 1809 2752 1816 2750 2045 2750 2045 2752 2133 2765 2135 2765 2200 2750 2202 2728 2200 2681 2155 2670 2153 2670 1970 2673 1959 2664 1957 2664 1955 2664 1953 2664 1869 2675 1689 2673 1672 2662 1670 2662 1669 2662 1667 2662 1566 2675 1564 2675 1493 2666 1491 2666 1380 2675 1365 2675 1364 2675 1337 2660 1336 2660 1278 2660 1276 2660 1274 2660 1272 2660 1259 2671 1221 2660 1220 2660 1218 2660 1132 2670 1118 2660 1117 2660 1115 2660 1113 2660 1111 2660 1085 2673 1083 2673 737 2671 737 2720"/></Shape>
	    <String CONTENT="treuention. Leſquelles peines ſeront auſſi excecu¬"
                    HPOS="737"
                    VPOS="2660"
                    WIDTH="1465"
                    HEIGHT="105"
                    WC="0.9986327850818634"></String>
          </TextLine>
        </TextBlock>
        <TextBlock HPOS="455"
                   VPOS="1643"
                   WIDTH="264"
                   HEIGHT="139"
                   ID="block_1"
                   TAGREFS="BT2523">
          <Shape><Polygon POINTS="719 1643 719 1782 455 1782 455 1643"/></Shape>
          <TextLine ID="line_0"
                    TAGREFS="LT8"
                    BASELINE="464 1695 707 1689" 
                    HPOS="462"
                    VPOS="1640"
                    WIDTH="245"
                    HEIGHT="72">
            <Shape><Polygon POINTS="464 1695 464 1712 707 1712 707 1689 701 1640 462 1644 464 1695"/></Shape>
	    <String CONTENT="Deffeuce d&#x27;en¬"
                    HPOS="462"
                    VPOS="1640"
                    WIDTH="245"
                    HEIGHT="72"
                    WC="0.9485739895275661"></String>
          </TextLine>
          <TextLine ID="line_1"
                    TAGREFS="LT8"
                    BASELINE="462 1743 716 1738" 
                    HPOS="460"
                    VPOS="1708"
                    WIDTH="256"
                    HEIGHT="65">
            <Shape><Polygon POINTS="462 1743 462 1773 714 1770 716 1738 711 1708 460 1710 462 1743"/></Shape>
	    <String CONTENT="trer es Nan res."
                    HPOS="460"
                    VPOS="1708"
                    WIDTH="256"
                    HEIGHT="65"
                    WC="0.9876686446368694"></String>
          </TextLine>
        </TextBlock>
        <TextBlock HPOS="457"
                   VPOS="2181"
                   WIDTH="273"
                   HEIGHT="144"
                   ID="block_2"
                   TAGREFS="BT2523">
          <Shape><Polygon POINTS="730 2181 730 2325 457 2325 457 2181"/></Shape>
          <TextLine ID="line_27"
                    TAGREFS="LT749"
                    BASELINE="484 2235 727 2229" 
                    HPOS="482"
                    VPOS="2176"
                    WIDTH="246"
                    HEIGHT="80">
            <Shape><Polygon POINTS="484 2235 482 2176 726 2176 728 2254 484 2256"/></Shape>
	    <String CONTENT="Deſthamuds 92. Deffendu aux chefs, maiſtres, tiercemens, ma¬"
                    HPOS="482"
                    VPOS="2176"
                    WIDTH="246"
                    HEIGHT="80"
                    WC="0.9674909373124441"></String>
          </TextLine>
          <TextLine ID="line_20"
                    TAGREFS="LT749"
                    BASELINE="467 2282 696 2282" 
                    HPOS="467"
                    VPOS="2252"
                    WIDTH="229"
                    HEIGHT="70">
            <Shape><Polygon POINTS="467 2282 467 2305 694 2322 696 2282 696 2252 467 2252 467 2282"/></Shape>
	    <String CONTENT="marciand:ſes."
                    HPOS="467"
                    VPOS="2252"
                    WIDTH="229"
                    HEIGHT="70"
                    WC="0.9878214964499841"></String>
          </TextLine>
        </TextBlock>
      </PrintSpace>
    </Page>
  </Layout>
</alto>
