<?xml version="1.0" encoding="UTF-8"?>
<alto xmlns:xsi="http://www.w3.org/2001/XMLSchema-instance"
      xmlns="http://www.loc.gov/standards/alto/ns-v4#"
      xsi:schemaLocation="http://www.loc.gov/standards/alto/ns-v4# http://www.loc.gov/standards/alto/v4/alto-4-2.xsd">
  <Description>
    <MeasurementUnit>pixel</MeasurementUnit>
    <sourceImageInformation>
      <fileName>page_083.jpg</fileName>
    </sourceImageInformation>
  </Description>
  <Tags>
    <OtherTag ID="BT7" LABEL="CustomZone" DESCRIPTION="block type CustomZone"/><OtherTag ID="BT8" LABEL="DamageZone" DESCRIPTION="block type DamageZone"/><OtherTag ID="BT9" LABEL="DigitizationArtefactZone" DESCRIPTION="block type DigitizationArtefactZone"/><OtherTag ID="BT10" LABEL="DropCapitalZone" DESCRIPTION="block type DropCapitalZone"/><OtherTag ID="BT11" LABEL="GraphicZone" DESCRIPTION="block type GraphicZone"/><OtherTag ID="BT12" LABEL="MainZone" DESCRIPTION="block type MainZone"/><OtherTag ID="BT13" LABEL="MarginTextZone" DESCRIPTION="block type MarginTextZone"/><OtherTag ID="BT14" LABEL="MusicZone" DESCRIPTION="block type MusicZone"/><OtherTag ID="BT15" LABEL="NumberingZone" DESCRIPTION="block type NumberingZone"/><OtherTag ID="BT17" LABEL="QuireMarksZone" DESCRIPTION="block type QuireMarksZone"/><OtherTag ID="BT18" LABEL="RunningTitleZone" DESCRIPTION="block type RunningTitleZone"/><OtherTag ID="BT19" LABEL="SealZone" DESCRIPTION="block type SealZone"/><OtherTag ID="BT20" LABEL="StampZone" DESCRIPTION="block type StampZone"/><OtherTag ID="BT21" LABEL="TableZone" DESCRIPTION="block type TableZone"/><OtherTag ID="BT22" LABEL="TitlePageZone" DESCRIPTION="block type TitlePageZone"/><OtherTag ID="BT2522" LABEL="MainZone-Continued" DESCRIPTION="block type MainZone-Continued"/><OtherTag ID="BT2523" LABEL="MarginTextZone-Notes" DESCRIPTION="block type MarginTextZone-Notes"/><OtherTag ID="BT2524" LABEL="MainZone-Head" DESCRIPTION="block type MainZone-Head"/><OtherTag ID="BT2525" LABEL="MainZone-P" DESCRIPTION="block type MainZone-P"/><OtherTag ID="BT2526" LABEL="MainZone-Signature" DESCRIPTION="block type MainZone-Signature"/><OtherTag ID="BT2527" LABEL="TitlePageZone-Index" DESCRIPTION="block type TitlePageZone-Index"/><OtherTag ID="BT2528" LABEL="MainZone-Entry" DESCRIPTION="block type MainZone-Entry"/><OtherTag ID="BT2529" LABEL="MainZone-Sp" DESCRIPTION="block type MainZone-Sp"/><OtherTag ID="BT2530" LABEL="GraphicZone-Decoration" DESCRIPTION="block type GraphicZone-Decoration"/><OtherTag ID="BT2531" LABEL="MarginTextZone-ManuscriptAddendum" DESCRIPTION="block type MarginTextZone-ManuscriptAddendum"/><OtherTag ID="BT2532" LABEL="MainZone-Other" DESCRIPTION="block type MainZone-Other"/><OtherTag ID="BT2533" LABEL="MainZone-ListItem" DESCRIPTION="block type MainZone-ListItem"/><OtherTag ID="BT2534" LABEL="GraphicZone-Head" DESCRIPTION="block type GraphicZone-Head"/><OtherTag ID="BT2535" LABEL="MainZone-Lg" DESCRIPTION="block type MainZone-Lg"/><OtherTag ID="BT2536" LABEL="MainZone-Date" DESCRIPTION="block type MainZone-Date"/>
    <OtherTag ID="LT7" LABEL="CustomLine" DESCRIPTION="line type CustomLine"/><OtherTag ID="LT8" LABEL="DefaultLine" DESCRIPTION="line type DefaultLine"/><OtherTag ID="LT9" LABEL="DropCapitalLine" DESCRIPTION="line type DropCapitalLine"/><OtherTag ID="LT10" LABEL="HeadingLine" DESCRIPTION="line type HeadingLine"/><OtherTag ID="LT11" LABEL="InterlinearLine" DESCRIPTION="line type InterlinearLine"/><OtherTag ID="LT12" LABEL="MusicLine" DESCRIPTION="line type MusicLine"/><OtherTag ID="LT749" LABEL="default" DESCRIPTION="line type default"/>
  </Tags>
  <Layout>
    <Page WIDTH="4096"
          HEIGHT="6846"
          PHYSICAL_IMG_NR="81"
          ID="eSc_dummypage_">
      <PrintSpace HPOS="0"
                  VPOS="0"
                  WIDTH="4096"
                  HEIGHT="6846">
        <TextBlock HPOS="851"
                   VPOS="375"
                   WIDTH="1411"
                   HEIGHT="255"
                   ID="block_2"
                   TAGREFS="BT18">
          <Shape><Polygon POINTS="2262 375 2262 630 851 630 851 375"/></Shape>
          <TextLine ID="line_1"
                    TAGREFS="LT10"
                    BASELINE="845 562 2287 551" 
                    HPOS="841"
                    VPOS="353"
                    WIDTH="1446"
                    HEIGHT="274">
            <Shape><Polygon POINTS="845 562 845 604 871 623 875 623 879 623 883 627 1195 627 1195 623 1199 623 1202 623 1202 619 1233 597 1237 589 1549 589 1575 593 1754 619 1758 619 1983 585 2002 585 2017 585 2200 608 2204 608 2207 608 2287 581 2287 551 2284 399 2215 361 2211 361 1983 353 1979 353 1975 353 1971 353 1922 399 1914 406 1747 406 1732 399 1697 384 1693 384 1690 384 1686 384 1633 399 1614 406 1591 399 1515 372 1511 372 1507 372 1503 372 1499 372 1461 399 1355 365 1351 365 1347 365 1343 365 1244 399 1229 406 1214 399 1142 365 1138 365 1134 365 1130 365 1058 399 1008 361 1004 361 1001 361 997 361 993 361 894 403 871 410 841 403 845 562"/></Shape>
	    <String CONTENT="Sous François II."
                    HPOS="841"
                    VPOS="353"
                    WIDTH="1446"
                    HEIGHT="274"
                    WC="0.9988903436395857"></String>
          </TextLine>
        </TextBlock>
        <TextBlock HPOS="2662"
                   VPOS="434"
                   WIDTH="349"
                   HEIGHT="212"
                   ID="block_1"
                   TAGREFS="BT15">
          <Shape><Polygon POINTS="3011 434 3011 646 2662 646 2662 434"/></Shape>
          <TextLine ID="line_0"
                    BASELINE="2676 551 2946 581" 
                    HPOS="2668"
                    VPOS="380"
                    WIDTH="289"
                    HEIGHT="262">
            <Shape><Polygon POINTS="2676 551 2668 604 2809 635 2813 635 2816 635 2858 619 2874 638 2877 638 2877 642 2881 642 2885 642 2889 642 2893 642 2938 623 2946 581 2957 437 2820 422 2801 410 2756 380 2752 380 2748 380 2744 380 2691 387 2676 551"/></Shape>
	    <String CONTENT="437"
                    HPOS="2668"
                    VPOS="380"
                    WIDTH="289"
                    HEIGHT="262"
                    WC="0.9999398787816366"></String>
          </TextLine>
        </TextBlock>
        <TextBlock HPOS="352"
                   VPOS="631"
                   WIDTH="2670"
                   HEIGHT="5069"
                   ID="block_0"
                   TAGREFS="BT2522">
          <Shape><Polygon POINTS="3022 631 2971 5700 352 5688 352 631"/></Shape>
          <TextLine ID="line_2"
                    BASELINE="338 798 1195 775 3007 775" 
                    HPOS="334"
                    VPOS="619"
                    WIDTH="2673"
                    HEIGHT="229">
            <Shape><Polygon POINTS="338 798 338 848 628 829 749 844 772 844 776 844 799 840 955 817 1065 836 1092 840 1096 840 1100 840 1119 836 1210 813 1332 832 1366 836 1370 836 1374 836 1397 832 1465 813 1496 829 1515 840 1518 840 1522 840 1595 829 1674 813 1701 825 1732 840 1735 840 1739 844 1857 844 1857 840 1861 840 1895 821 1922 810 2009 821 2074 829 2078 829 2173 817 2253 810 2272 817 2322 836 2325 836 2329 836 2493 817 2516 836 2520 836 2523 836 2527 836 2531 836 2588 813 2645 829 2649 829 2653 829 3003 802 3007 775 2995 619 2931 654 2737 654 2657 623 2638 619 2634 619 2630 619 2626 619 2611 627 2546 654 2478 627 2474 627 2470 627 2466 627 2451 627 2348 650 2314 631 2291 619 2287 619 2284 619 2280 619 2276 619 2261 631 2238 650 2177 635 2173 635 2169 635 2082 654 2059 635 2044 623 2040 623 2036 623 1895 619 1891 619 1888 619 1884 619 1861 638 1846 650 1804 638 1785 635 1781 635 1777 635 1773 635 1754 638 1690 657 1674 642 1667 635 1663 635 1659 635 1655 635 1591 642 1476 657 1446 646 1397 623 1393 623 1115 623 1111 623 1024 627 1020 627 1016 627 982 654 974 657 963 654 944 635 940 635 936 635 932 635 829 654 791 661 711 657 491 642 487 642 334 661 338 798"/></Shape>
	    <String CONTENT="pouuoyent deſrober en paix n’eſtoit rien au"
                    HPOS="334"
                    VPOS="619"
                    WIDTH="2673"
                    HEIGHT="229"
                    WC="0.9919359600821207"></String>
          </TextLine>
          <TextLine ID="line_3"
                    BASELINE="346 962 1553 935 2999 928" 
                    HPOS="342"
                    VPOS="802"
                    WIDTH="2657"
                    HEIGHT="217">
            <Shape><Polygon POINTS="346 962 346 1019 491 992 574 1011 578 1011 582 1011 586 1011 590 1011 624 988 677 1011 681 1011 685 1011 689 1011 692 1011 727 985 1024 1004 1081 1007 1084 1007 1088 1007 1096 1004 1142 977 1511 977 1556 992 1587 1004 1591 1004 1595 1004 1598 1004 1636 992 1690 973 1800 988 1903 1000 1907 1000 1910 1000 1964 985 2009 969 2097 981 2219 996 2223 996 2226 996 2276 977 2287 973 2329 973 2508 988 2512 988 2516 988 2550 969 2565 962 2603 969 2698 988 2702 988 2995 958 2999 928 2992 832 2790 802 2786 802 2782 802 2706 832 2638 810 2634 810 2630 810 2440 836 2356 810 2352 810 2348 810 2344 810 2276 832 2051 810 2048 810 1526 848 1092 821 1088 821 1084 821 963 855 909 836 905 836 902 836 898 836 822 855 681 825 677 825 673 825 669 825 624 859 510 829 506 829 502 829 342 863 346 962"/></Shape>
	    <String CONTENT="prix de ce qu’ils auoyent entreprins, c’eſt a¬"
                    HPOS="342"
                    VPOS="802"
                    WIDTH="2657"
                    HEIGHT="217"
                    WC="0.9996919411679973"></String>
          </TextLine>
          <TextLine ID="line_4"
                    BASELINE="338 1125 1663 1099 3007 1099" 
                    HPOS="334"
                    VPOS="966"
                    WIDTH="2673"
                    HEIGHT="190">
            <Shape><Polygon POINTS="338 1125 338 1156 2253 1156 2253 1152 3003 1125 3007 1099 3003 1000 2946 966 2942 966 2938 966 2934 966 2931 966 2862 1000 2775 966 2771 966 2767 966 2649 992 2615 966 2611 966 2607 966 2603 966 2599 966 2523 1004 2443 988 2440 988 2253 1007 2108 985 2105 985 2101 985 2028 1007 1987 969 1983 969 1979 969 1975 969 1739 973 1735 973 1732 973 1686 1004 1488 973 1484 973 1317 1004 1237 981 1233 981 1229 981 1225 981 1176 1004 1115 977 1111 977 1107 977 1103 977 1100 977 1031 1019 829 981 826 981 822 981 715 1007 647 985 643 985 639 985 635 985 525 1026 334 1026 338 1125"/></Shape>
	    <String CONTENT="ſauoir de rauir meſmes la Couronne de deſ¬"
                    HPOS="334"
                    VPOS="966"
                    WIDTH="2673"
                    HEIGHT="190"
                    WC="0.9825719907170251"></String>
          </TextLine>
          <TextLine ID="line_5"
                    BASELINE="338 1289 1423 1266 3011 1266" 
                    HPOS="334"
                    VPOS="1129"
                    WIDTH="2677"
                    HEIGHT="205">
            <Shape><Polygon POINTS="338 1289 338 1315 365 1334 369 1334 373 1334 376 1334 529 1315 871 1334 875 1334 879 1334 944 1312 1256 1331 1260 1331 1381 1312 1884 1327 1888 1327 2021 1304 2036 1304 2051 1304 2150 1323 2154 1323 3011 1300 3011 1266 2995 1129 2965 1156 2421 1156 2394 1141 2394 1137 2390 1137 2386 1137 2382 1137 2344 1141 2192 1156 2162 1141 2139 1133 2135 1133 2131 1133 2127 1133 2089 1144 2032 1160 1979 1144 1937 1133 1933 1133 1929 1133 1926 1133 1903 1144 1872 1163 1762 1163 1716 1148 1659 1133 1655 1133 1652 1133 1648 1133 1644 1133 1617 1148 1614 1152 1583 1152 1431 1137 1427 1137 1423 1137 1358 1152 1328 1160 1237 1156 932 1137 928 1137 925 1137 921 1137 886 1160 875 1167 852 1160 791 1141 787 1141 784 1141 647 1163 639 1163 635 1163 571 1144 567 1144 563 1144 559 1144 555 1144 529 1163 373 1141 369 1141 365 1141 361 1141 334 1156 338 1289"/></Shape>
	    <String CONTENT="ſus le chef de leur maiſtre, ils ne peurẽt ni ne"
                    HPOS="334"
                    VPOS="1129"
                    WIDTH="2677"
                    HEIGHT="205"
                    WC="0.9975886636850785"></String>
          </TextLine>
          <TextLine ID="line_6"
                    BASELINE="346 1445 2999 1422" 
                    HPOS="342"
                    VPOS="1289"
                    WIDTH="2657"
                    HEIGHT="190">
            <Shape><Polygon POINTS="346 1445 346 1479 2995 1456 2999 1422 2992 1323 2721 1323 2657 1289 2653 1289 2649 1289 2645 1289 2588 1319 2474 1293 2470 1293 2329 1323 2112 1308 2108 1308 2013 1331 1945 1331 1895 1296 1891 1296 1888 1296 1884 1296 1724 1319 1674 1296 1671 1296 1667 1296 1366 1331 1229 1300 1225 1300 1221 1300 1122 1327 791 1304 787 1304 784 1304 780 1304 730 1338 578 1308 574 1308 571 1308 506 1338 342 1342 346 1445"/></Shape>
	    <String CONTENT="voulurẽt ſouffrir que la France iouïſt du re¬"
                    HPOS="342"
                    VPOS="1289"
                    WIDTH="2657"
                    HEIGHT="190"
                    WC="0.9983296965030913"></String>
          </TextLine>
          <TextLine ID="line_7"
                    BASELINE="346 1612 2999 1589" 
                    HPOS="342"
                    VPOS="1456"
                    WIDTH="2657"
                    HEIGHT="209">
            <Shape><Polygon POINTS="346 1612 346 1665 555 1643 696 1662 708 1662 711 1662 727 1662 902 1639 1431 1650 1667 1654 1671 1654 1674 1654 1705 1646 1758 1631 1952 1643 2108 1650 2112 1650 2204 1639 2280 1627 2291 1635 2303 1646 2306 1646 2310 1646 2314 1646 2318 1646 2341 1635 2360 1627 2995 1627 2999 1589 2992 1483 2737 1456 2733 1456 2542 1483 2196 1460 2192 1460 2188 1460 2131 1483 1732 1464 1728 1464 1724 1464 1663 1490 1476 1468 1473 1468 1339 1490 1248 1468 1244 1468 1240 1468 1237 1468 1233 1468 1233 1471 1206 1494 963 1471 959 1471 955 1471 902 1494 742 1475 738 1475 734 1475 730 1475 704 1494 685 1475 681 1475 677 1475 673 1475 669 1475 609 1502 342 1502 346 1612"/></Shape>
	    <String CONTENT="pos auquel le feu Roy François l’auoit laiſ¬"
                    HPOS="342"
                    VPOS="1456"
                    WIDTH="2657"
                    HEIGHT="209"
                    WC="0.9880322708023919"></String>
          </TextLine>
          <TextLine ID="line_8"
                    BASELINE="350 1776 2999 1757" 
                    HPOS="346"
                    VPOS="1627"
                    WIDTH="2653"
                    HEIGHT="194">
            <Shape><Polygon POINTS="350 1776 350 1821 1781 1821 1781 1817 1815 1814 1968 1798 2333 1814 2371 1814 2375 1814 2386 1814 2512 1795 2992 1810 2999 1757 2988 1650 2790 1650 2786 1650 2733 1627 2729 1627 2725 1627 2432 1654 2405 1654 2375 1654 1998 1631 1994 1631 1990 1631 1926 1658 1922 1658 1910 1658 1739 1639 1735 1639 1488 1654 1438 1635 1435 1635 1431 1635 1427 1635 1423 1635 1423 1639 1397 1662 1378 1662 418 1643 414 1643 411 1643 346 1669 350 1776"/></Shape>
	    <String CONTENT="ſee: car ils voyoyent que mille commoditez"
                    HPOS="346"
                    VPOS="1627"
                    WIDTH="2653"
                    HEIGHT="194"
                    WC="0.9991588337080819"></String>
          </TextLine>
          <TextLine ID="line_9"
                    BASELINE="346 1935 2999 1920" 
                    HPOS="342"
                    VPOS="1795"
                    WIDTH="2657"
                    HEIGHT="201">
            <Shape><Polygon POINTS="346 1935 346 1977 548 1970 574 1981 605 1992 609 1992 612 1992 677 1981 723 1970 738 1981 753 1992 757 1992 761 1992 765 1996 875 1996 875 1992 1069 1981 1286 1966 1427 1981 1511 1989 1515 1989 1518 1989 1545 1981 1591 1966 1640 1981 1663 1989 1667 1989 1671 1989 1766 1981 1971 1962 2135 1981 2173 1985 2177 1985 2204 1981 2348 1958 2436 1981 2440 1981 2443 1981 2447 1981 2592 1962 2622 1981 2626 1981 2630 1981 2634 1981 2638 1981 2824 1962 2992 1981 2999 1920 2995 1825 2923 1798 2919 1798 2915 1798 2912 1798 2866 1821 2813 1798 2809 1798 2805 1798 2801 1798 2797 1798 2759 1821 2371 1802 2367 1802 2363 1802 2325 1817 2264 1795 2261 1795 2257 1795 1838 1798 1834 1798 1831 1798 1808 1817 1796 1829 1667 1829 1629 1817 1572 1798 1568 1798 1378 1798 1374 1798 1370 1798 1366 1798 1366 1802 1347 1817 1332 1833 1088 1833 1069 1814 1054 1802 1050 1802 1046 1802 1043 1802 1039 1802 1012 1814 993 1825 970 1814 940 1802 936 1802 932 1802 928 1802 925 1802 905 1814 875 1833 643 1814 624 1814 620 1814 616 1814 612 1814 593 1829 571 1814 555 1802 551 1802 548 1802 544 1802 540 1802 510 1814 472 1829 426 1814 399 1802 395 1802 392 1802 342 1810 346 1935"/></Shape>
	    <String CONTENT="leur reuenoyent de la guerre, dautant qu’en"
                    HPOS="342"
                    VPOS="1795"
                    WIDTH="2657"
                    HEIGHT="201"
                    WC="0.9834703900093256"></String>
          </TextLine>
          <TextLine ID="line_10"
                    BASELINE="350 2103 2999 2084" 
                    HPOS="346"
                    VPOS="1958"
                    WIDTH="2653"
                    HEIGHT="198">
            <Shape><Polygon POINTS="350 2103 350 2156 1416 2122 1850 2145 1853 2145 1990 2118 2223 2141 2226 2141 2386 2122 2992 2137 2999 2084 2988 1966 2725 1981 2649 1970 2580 1958 2577 1958 2573 1958 2569 1958 2558 1970 2542 1985 2367 1985 2314 1973 2261 1962 2257 1962 2253 1962 2207 1973 2169 1985 2105 1977 1964 1958 1960 1958 1956 1958 1952 1958 1918 1981 1903 1989 1861 1981 1773 1962 1770 1962 1766 1962 1762 1962 1762 1966 1743 1981 1732 1992 1625 1992 1614 1985 1591 1966 1587 1966 1583 1966 1579 1966 1454 1981 1412 1962 1408 1962 1404 1962 1400 1962 1343 1989 1332 1992 1320 1989 1256 1966 1252 1966 1248 1966 1244 1966 1161 1989 1145 1996 1024 1996 1020 1992 966 1966 963 1966 959 1966 807 1992 563 1970 559 1970 555 1970 502 2000 346 2000 350 2103"/></Shape>
	    <String CONTENT="premier lieu ce leur eſtoit vne ouuerture"
                    HPOS="346"
                    VPOS="1958"
                    WIDTH="2653"
                    HEIGHT="198"
                    WC="0.9939793653604461"></String>
          </TextLine>
          <TextLine ID="line_11"
                    BASELINE="354 2259 3003 2247" 
                    HPOS="350"
                    VPOS="2118"
                    WIDTH="2653"
                    HEIGHT="194">
            <Shape><Polygon POINTS="354 2259 354 2312 532 2293 1218 2308 1221 2308 1332 2285 1937 2304 1941 2304 2166 2282 2995 2301 3003 2247 2999 2145 2912 2122 2908 2122 2904 2122 2900 2122 2816 2145 2813 2145 2790 2122 2786 2122 2782 2122 2778 2122 2775 2122 2744 2137 2683 2118 2679 2118 2676 2118 2470 2145 2432 2118 2428 2118 2424 2118 2421 2118 2417 2118 2367 2137 2223 2118 2219 2118 2215 2118 2211 2118 2181 2141 2070 2122 2067 2122 2063 2122 1968 2148 1937 2122 1933 2122 1929 2122 1926 2122 1922 2122 1827 2145 1800 2122 1796 2122 1792 2122 1469 2122 1465 2122 1461 2122 1457 2122 1423 2148 1237 2133 1233 2133 1229 2133 1225 2133 1199 2152 1195 2156 1065 2156 963 2156 730 2126 727 2126 723 2126 658 2148 472 2137 468 2137 350 2156 354 2259"/></Shape>
	    <String CONTENT="pour s’auancer, veu la furie de leur aiſné &amp;"
                    HPOS="350"
                    VPOS="2118"
                    WIDTH="2653"
                    HEIGHT="194"
                    WC="0.9910927613576254"></String>
          </TextLine>
          <TextLine ID="line_12"
                    BASELINE="346 2415 3001 2400" 
                    HPOS="342"
                    VPOS="2259"
                    WIDTH="2657"
                    HEIGHT="205">
            <Shape><Polygon POINTS="342 2413 342 2464 2993 2447 2999 2396 2987 2293 2547 2259 2542 2259 2347 2287 2267 2259 2262 2259 2256 2259 2250 2259 2182 2287 1856 2264 1850 2264 1845 2264 1839 2264 1839 2270 1810 2293 1039 2270 1033 2270 1028 2270 1022 2270 982 2299 422 2270 417 2270 411 2270 382 2282 342 2413"/></Shape>
	    <String CONTENT="de celuy qui le ſeconde: lerqueis le Cardi"
                    HPOS="342"
                    VPOS="2259"
                    WIDTH="2657"
                    HEIGHT="205"
                    WC="0.9679120232661566"></String>
          </TextLine>
          <TextLine ID="line_13"
                    BASELINE="346 2586 3003 2571" 
                    HPOS="342"
                    VPOS="2445"
                    WIDTH="2661"
                    HEIGHT="194">
            <Shape><Polygon POINTS="346 2586 346 2616 414 2639 418 2639 422 2639 426 2639 472 2620 932 2639 936 2639 1423 2620 1674 2612 1846 2612 1865 2624 1876 2631 1880 2631 1884 2631 1888 2635 2291 2635 2291 2631 2295 2631 2314 2624 2341 2612 2999 2624 3003 2571 2995 2475 2824 2475 2748 2445 2744 2445 2554 2445 2550 2445 2546 2445 2542 2445 2542 2449 2512 2472 2192 2449 2188 2449 2185 2449 2181 2449 2139 2475 1709 2449 1705 2449 1701 2449 1697 2449 1659 2479 1522 2453 1518 2453 1515 2453 1419 2479 1233 2460 1229 2460 1225 2460 1221 2460 1199 2483 1004 2483 491 2456 487 2456 342 2487 346 2586"/></Shape>
	    <String CONTENT="nal n’a iamais craint de hazarder, ſachant"
                    HPOS="342"
                    VPOS="2445"
                    WIDTH="2661"
                    HEIGHT="194"
                    WC="0.9949891098908016"></String>
          </TextLine>
          <TextLine ID="line_14"
                    BASELINE="354 2742 3003 2734" 
                    HPOS="350"
                    VPOS="2612"
                    WIDTH="2653"
                    HEIGHT="187">
            <Shape><Polygon POINTS="354 2742 354 2799 502 2780 673 2799 681 2799 685 2799 689 2799 765 2780 909 2799 921 2799 925 2799 928 2799 974 2780 1290 2780 1419 2799 1438 2799 1442 2799 1473 2799 1697 2776 1808 2795 1811 2795 1815 2795 1819 2795 2093 2776 2215 2795 2223 2795 2226 2795 2253 2795 2580 2776 2999 2791 3003 2734 2999 2643 2908 2612 2904 2612 2900 2612 2896 2612 2809 2643 2805 2643 2801 2643 2695 2612 2691 2612 2687 2612 2683 2612 2615 2643 2611 2643 2539 2612 2535 2612 2531 2612 2344 2643 2306 2612 2303 2612 2299 2612 1743 2612 1739 2612 1735 2612 1655 2647 1652 2647 1518 2624 1515 2624 1511 2624 1416 2647 1416 2650 1298 2650 932 2650 814 2620 810 2620 696 2647 669 2624 666 2624 662 2624 532 2620 529 2620 525 2620 521 2620 521 2624 491 2650 350 2650 354 2742"/></Shape>
	    <String CONTENT="qu’en tout euenement la choſe le valoit, &amp;"
                    HPOS="350"
                    VPOS="2612"
                    WIDTH="2653"
                    HEIGHT="187"
                    WC="0.9993119736512502"></String>
          </TextLine>
          <TextLine ID="line_15"
                    BASELINE="354 2898 2984 2905" 
                    HPOS="350"
                    VPOS="2765"
                    WIDTH="2634"
                    HEIGHT="186">
            <Shape><Polygon POINTS="1343 2837 1324 2795 1149 2791 1100 2765 1096 2765 1092 2765 951 2799 944 2799 932 2799 654 2765 650 2765 354 2795 354 2898 350 2943 2976 2951 2984 2905 2980 2806 2797 2799 2756 2768 2752 2768 2748 2768 2744 2768 2299 2803 2272 2803 2245 2803 1735 2768 1732 2768 1728 2768 1621 2799 1579 2765 1575 2765 1572 2765 1568 2765 1564 2765 1560 2765 1507 2799 1499 2799 1358 2795 1343 2837"/></Shape>
	    <String CONTENT="que s’ils eſtoyent plus heureux que ſages,"
                    HPOS="350"
                    VPOS="2765"
                    WIDTH="2634"
                    HEIGHT="186"
                    WC="0.9968661254360562"></String>
          </TextLine>
          <TextLine ID="line_16"
                    BASELINE="354 3069 2988 3054" 
                    HPOS="350"
                    VPOS="2936"
                    WIDTH="2638"
                    HEIGHT="194">
            <Shape><Polygon POINTS="354 3069 354 3103 483 3103 491 3103 521 3126 525 3126 529 3126 532 3126 536 3126 590 3107 666 3130 669 3130 673 3130 677 3130 681 3130 715 3103 719 3103 730 3103 1001 3122 1004 3122 1096 3103 1199 3126 1202 3126 1339 3099 1343 3099 1347 3099 1400 3122 1404 3122 1663 3126 1667 3126 1918 3122 1922 3122 1994 3095 1998 3095 2002 3095 2101 3118 2105 3118 2303 3095 2375 3118 2379 3118 2382 3118 2386 3118 2440 3092 2443 3092 2489 3118 2493 3118 2497 3122 2851 3122 2851 3118 2984 3088 2988 3054 2984 2966 2942 2936 2938 2936 2934 2936 2931 2936 2927 2936 2855 2970 2485 2970 2413 2936 2409 2936 2405 2936 2245 2943 2242 2943 2238 2943 2207 2966 2055 2939 2051 2939 2048 2939 2044 2939 2044 2943 2009 2970 1659 2955 1655 2955 1652 2955 1648 2955 1614 2978 1404 2978 1343 2947 1339 2947 1336 2947 1332 2947 1248 2974 1202 2951 1199 2951 1012 2943 1008 2943 1004 2943 909 2978 829 2947 826 2947 502 2947 498 2947 494 2947 491 2947 449 2981 350 2981 354 3069"/></Shape>
	    <String CONTENT="ce luy ſeroit vn vray moyen de s’eſleuer iuſ¬"
                    HPOS="350"
                    VPOS="2936"
                    WIDTH="2638"
                    HEIGHT="194"
                    WC="0.9986568556891547"></String>
          </TextLine>
          <TextLine ID="line_17"
                    BASELINE="357 3225 2988 3217" 
                    HPOS="354"
                    VPOS="3095"
                    WIDTH="2634"
                    HEIGHT="191">
            <Shape><Polygon POINTS="357 3225 357 3286 506 3267 2980 3267 2988 3217 2976 3103 2874 3122 2805 3103 2775 3095 2771 3095 2767 3095 2763 3095 2737 3103 2683 3126 2329 3126 2242 3111 2143 3095 2139 3095 2135 3095 2131 3095 2108 3111 2093 3122 2078 3111 2044 3095 2040 3095 2036 3095 2032 3095 1994 3114 1979 3118 1949 3114 1850 3095 1846 3095 1842 3095 1804 3114 1789 3122 1766 3114 1705 3099 1701 3099 1697 3099 1545 3118 1507 3122 1488 3118 1400 3099 1092 3099 1088 3099 1084 3099 1081 3099 1043 3126 1035 3130 818 3130 814 3126 723 3099 719 3099 715 3099 597 3126 513 3099 510 3099 506 3099 502 3099 498 3099 498 3103 472 3126 422 3111 418 3111 414 3111 411 3111 354 3130 357 3225"/></Shape>
	    <String CONTENT="qu’au bout: &amp; s’ils mouroyẽt, leur mort ſer¬"
                    HPOS="354"
                    VPOS="3095"
                    WIDTH="2634"
                    HEIGHT="191"
                    WC="0.9985832081900703"></String>
          </TextLine>
          <TextLine ID="line_18"
                    BASELINE="357 3388 2988 3388" 
                    HPOS="357"
                    VPOS="3259"
                    WIDTH="2631"
                    HEIGHT="198">
            <Shape><Polygon POINTS="357 3388 357 3434 384 3453 388 3453 392 3453 395 3453 399 3453 449 3430 456 3426 582 3430 1180 3453 1183 3453 1187 3453 1237 3430 1244 3426 1347 3426 1358 3430 1381 3445 1385 3445 1389 3445 1393 3445 1397 3445 1435 3430 1450 3430 1891 3453 1895 3453 1899 3453 1952 3430 1956 3426 1960 3430 1979 3445 1983 3445 1987 3445 1990 3445 2303 3430 2371 3426 2382 3430 2462 3453 2466 3453 2470 3453 2474 3453 2539 3430 2546 3426 2554 3430 2611 3453 2615 3453 2619 3457 2778 3457 2778 3453 2782 3453 2786 3453 2824 3430 2988 3430 2988 3388 2988 3289 2908 3259 2904 3259 2740 3259 2737 3259 2733 3259 2645 3289 1884 3259 1880 3259 1876 3259 1872 3259 1831 3289 1671 3270 1667 3270 1663 3270 1606 3289 1461 3259 1457 3259 1454 3259 1450 3259 1404 3293 1248 3293 1221 3270 1218 3270 1214 3270 1210 3270 1069 3289 1020 3263 1016 3263 1012 3263 1008 3263 1004 3263 963 3293 856 3293 814 3259 810 3259 807 3259 624 3259 620 3259 357 3289 357 3388"/></Shape>
	    <String CONTENT="uiroit de põt pour faire paſſer les autres plus"
                    HPOS="357"
                    VPOS="3259"
                    WIDTH="2631"
                    HEIGHT="198"
                    WC="0.9989296160638332"></String>
          </TextLine>
          <TextLine ID="line_19"
                    BASELINE="361 3540 2984 3548" 
                    HPOS="357"
                    VPOS="3426"
                    WIDTH="2627"
                    HEIGHT="194">
            <Shape><Polygon POINTS="361 3540 357 3578 582 3613 586 3613 875 3586 905 3605 909 3605 913 3605 917 3605 1168 3586 1191 3586 1195 3586 1244 3613 1248 3613 1252 3613 1381 3586 1400 3586 1419 3586 1568 3613 1572 3613 1575 3613 1579 3613 1606 3590 1686 3616 1690 3616 1693 3616 1697 3616 1701 3616 1735 3590 1743 3590 1880 3616 1884 3616 2086 3594 2124 3590 2234 3590 2245 3594 2291 3616 2295 3616 2299 3620 2607 3620 2607 3616 2611 3616 2649 3597 2664 3590 2976 3597 2984 3548 2980 3461 2896 3461 2896 3457 2855 3430 2851 3430 2847 3430 2459 3430 2455 3430 2451 3430 2386 3457 2382 3461 2382 3457 2352 3434 2352 3430 2348 3430 2344 3430 2112 3430 2108 3430 2105 3430 2101 3430 2063 3457 2055 3464 1937 3464 1922 3457 1834 3430 1831 3430 1827 3430 1823 3430 1819 3430 1777 3457 1773 3457 1762 3457 1358 3434 1355 3434 1351 3434 1282 3457 1279 3461 1081 3461 1077 3457 1039 3430 1035 3430 1031 3430 841 3426 837 3426 833 3426 768 3457 765 3461 464 3461 456 3457 414 3434 411 3434 407 3434 403 3434 361 3453 361 3540"/></Shape>
	    <String CONTENT="outre: dauantage ayant le principal manie¬"
                    HPOS="357"
                    VPOS="3426"
                    WIDTH="2627"
                    HEIGHT="194"
                    WC="0.9928852560974303"></String>
          </TextLine>
          <TextLine ID="line_20"
                    BASELINE="361 3712 2976 3704" 
                    HPOS="357"
                    VPOS="3594"
                    WIDTH="2619"
                    HEIGHT="171">
            <Shape><Polygon POINTS="361 3712 361 3753 1575 3761 1579 3761 1640 3746 1671 3742 1697 3746 1758 3761 1762 3761 1926 3746 1979 3742 1987 3746 2009 3761 2013 3761 2017 3761 2021 3765 2550 3765 2550 3761 2554 3761 2626 3742 2634 3742 2649 3742 2858 3761 2862 3761 2973 3738 2976 3704 2969 3624 2687 3597 2683 3597 2679 3597 2676 3597 2641 3620 2641 3624 1979 3624 1979 3620 1949 3597 1949 3594 1945 3594 1941 3594 1937 3594 1697 3620 1663 3624 1644 3620 1545 3597 1541 3597 1435 3620 1416 3624 1275 3624 1275 3620 1248 3597 1244 3597 1240 3597 1237 3597 1233 3597 1161 3620 1149 3624 1134 3620 1069 3597 1065 3597 1062 3597 940 3616 875 3597 871 3597 867 3597 864 3597 860 3597 841 3613 818 3597 814 3597 810 3597 563 3597 559 3597 555 3597 494 3620 491 3620 487 3620 403 3597 399 3597 395 3597 392 3597 357 3613 361 3712"/></Shape>
	    <String CONTENT="ment des deniers de ce Royaume, com¬"
                    HPOS="357"
                    VPOS="3594"
                    WIDTH="2619"
                    HEIGHT="171"
                    WC="0.9961846652958128"></String>
          </TextLine>
          <TextLine ID="line_21"
                    BASELINE="365 3860 2988 3875" 
                    HPOS="361"
                    VPOS="3734"
                    WIDTH="2627"
                    HEIGHT="194">
            <Shape><Polygon POINTS="365 3860 361 3906 2980 3928 2988 3875 2988 3788 2710 3784 2706 3780 2607 3750 2603 3750 2599 3750 2325 3772 2223 3780 2207 3769 2169 3746 2166 3746 2162 3746 1869 3746 1865 3746 1781 3761 1682 3780 1633 3757 1598 3742 1595 3742 1591 3742 1423 3753 1142 3776 1100 3746 1096 3742 1092 3742 1088 3742 1084 3742 1050 3746 902 3772 871 3750 867 3750 864 3750 860 3750 856 3750 803 3769 761 3742 761 3738 757 3738 753 3738 685 3738 681 3738 669 3738 521 3772 464 3738 460 3738 456 3738 365 3734 365 3860"/></Shape>
	    <String CONTENT="bien leur eſtoit-il plus aiſé de peſcher en"
                    HPOS="361"
                    VPOS="3734"
                    WIDTH="2627"
                    HEIGHT="194"
                    WC="0.9879837374795567"></String>
          </TextLine>
          <TextLine ID="line_22"
                    BASELINE="361 4031 2992 4031" 
                    HPOS="361"
                    VPOS="3909"
                    WIDTH="2631"
                    HEIGHT="190">
            <Shape><Polygon POINTS="361 4031 361 4088 917 4073 966 4088 985 4092 989 4092 993 4092 997 4092 1001 4092 1008 4088 1027 4073 1043 4084 1050 4096 1054 4096 1058 4096 1062 4096 1134 4084 1199 4077 1229 4084 1263 4096 1267 4096 1271 4099 1473 4099 1473 4096 1476 4096 1480 4096 1496 4084 1511 4077 1636 4084 1891 4096 1895 4096 2078 4080 2169 4073 2181 4080 2204 4096 2207 4096 2211 4096 2215 4099 2462 4099 2462 4096 2466 4096 2470 4096 2489 4077 2493 4077 2508 4077 2664 4096 2668 4096 2992 4073 2992 4031 2992 3940 2855 3940 2828 3913 2824 3913 2820 3913 2816 3913 2813 3913 2748 3936 2485 3913 2481 3913 2322 3936 2230 3913 2226 3913 1758 3909 1754 3909 1751 3909 1747 3909 1705 3940 1347 3940 1248 3909 1244 3909 1240 3909 1237 3909 1183 3940 1039 3940 982 3909 978 3909 780 3909 776 3909 772 3909 681 3936 605 3909 601 3909 414 3909 411 3909 407 3909 361 3932 361 4031"/></Shape>
	    <String CONTENT="eau trouble qu’en eau claire? &amp; puis outre"
                    HPOS="361"
                    VPOS="3909"
                    WIDTH="2631"
                    HEIGHT="190"
                    WC="0.9969619526749566"></String>
          </TextLine>
          <TextLine ID="line_23"
                    BASELINE="369 4183 2992 4195" 
                    HPOS="365"
                    VPOS="4065"
                    WIDTH="2627"
                    HEIGHT="198">
            <Shape><Polygon POINTS="365 4217 475 4244 479 4244 571 4225 597 4248 601 4248 605 4248 609 4248 704 4229 947 4248 951 4248 1119 4225 1149 4248 1149 4252 1153 4252 1157 4252 1161 4252 1397 4236 1450 4255 1454 4255 1457 4255 2116 4229 2310 4255 2314 4255 2318 4255 2409 4233 2558 4255 2561 4255 2565 4255 2641 4233 2679 4259 2683 4259 2687 4259 2691 4263 2782 4263 2782 4259 2988 4229 2992 4195 2980 4080 2889 4103 2835 4088 2832 4088 2828 4088 2421 4107 2268 4077 2264 4077 2261 4077 2257 4077 2207 4111 2120 4111 1423 4107 1381 4073 1378 4073 1374 4073 1305 4073 1301 4073 1298 4073 1294 4073 1252 4103 1206 4069 1202 4069 1199 4069 1195 4069 1191 4069 1187 4069 1092 4099 1046 4069 1043 4069 1039 4069 894 4069 890 4069 886 4069 883 4069 845 4092 803 4069 799 4069 563 4069 559 4069 555 4069 468 4099 373 4065 369 4183 365 4217"/></Shape>
	    <String CONTENT="tout cela, il voyoit que par vn meſme moyen"
                    HPOS="365"
                    VPOS="4065"
                    WIDTH="2627"
                    HEIGHT="198"
                    WC="0.98931429413862"></String>
          </TextLine>
          <TextLine ID="line_24"
                    BASELINE="369 4339 2980 4351" 
                    HPOS="365"
                    VPOS="4225"
                    WIDTH="2615"
                    HEIGHT="186">
            <Shape><Polygon POINTS="369 4339 365 4381 635 4404 639 4404 643 4404 700 4385 727 4404 730 4404 734 4404 738 4404 1157 4389 1248 4408 1252 4408 2303 4392 2363 4411 2367 4411 2371 4411 2976 4389 2980 4351 2976 4267 2752 4244 2748 4244 2638 4259 2611 4263 2603 4259 2580 4240 2580 4236 2577 4236 2573 4236 2569 4236 2565 4236 2500 4259 2481 4263 2459 4255 2398 4236 2394 4236 2390 4236 2192 4252 2143 4255 2124 4252 2059 4233 2055 4233 1831 4233 1827 4233 1823 4233 1781 4244 1739 4259 1575 4244 1537 4240 1534 4240 1530 4240 1526 4240 1499 4259 1400 4240 1358 4233 1355 4233 1351 4233 1347 4233 1339 4240 1317 4259 1252 4236 1225 4229 1221 4229 1218 4229 1214 4229 1191 4236 1142 4259 715 4259 685 4236 681 4236 677 4236 673 4236 669 4236 628 4255 593 4229 590 4229 586 4229 582 4229 578 4229 525 4248 369 4225 369 4339"/></Shape>
	    <String CONTENT="il s’acqueroit la faueur de ceux de la que¬"
                    HPOS="365"
                    VPOS="4225"
                    WIDTH="2615"
                    HEIGHT="186"
                    WC="0.9879971340645192"></String>
          </TextLine>
          <TextLine ID="line_25"
                    BASELINE="369 4503 2992 4510" 
                    HPOS="365"
                    VPOS="4377"
                    WIDTH="2627"
                    HEIGHT="194">
            <Shape><Polygon POINTS="369 4503 365 4537 494 4567 498 4567 502 4567 548 4544 685 4567 689 4567 1374 4544 1739 4571 1743 4571 2988 4544 2992 4510 2984 4408 2915 4408 2908 4404 2874 4381 2870 4381 2866 4381 2862 4381 2858 4381 2775 4404 2767 4408 2759 4404 2710 4381 2706 4381 2702 4381 2698 4381 2649 4404 2641 4408 2619 4404 2508 4389 2504 4389 2413 4404 2394 4408 2386 4404 2329 4381 2325 4381 2322 4381 2318 4381 2314 4381 2287 4404 2272 4389 2268 4389 2264 4389 2261 4389 2146 4404 2120 4408 2112 4404 2063 4381 2059 4381 2055 4381 1941 4404 1922 4408 1918 4404 1895 4385 1891 4385 1888 4385 1884 4385 1880 4385 1876 4385 1846 4404 1834 4411 1682 4411 1671 4404 1610 4377 1606 4377 1602 4377 1476 4396 1450 4377 1446 4377 1442 4377 1244 4377 1240 4377 1237 4377 1157 4404 1153 4404 1149 4404 1100 4377 1096 4377 1092 4377 1088 4377 1031 4404 1027 4408 905 4408 902 4404 833 4377 829 4377 826 4377 822 4377 768 4404 734 4377 730 4377 727 4377 723 4377 601 4396 472 4377 468 4377 464 4377 369 4400 369 4503"/></Shape>
	    <String CONTENT="relle deſquels il deliberoit faire le profit de"
                    HPOS="365"
                    VPOS="4377"
                    WIDTH="2627"
                    HEIGHT="194"
                    WC="0.9927489478537377"></String>
          </TextLine>
          <TextLine ID="line_26"
                    BASELINE="376 4655 2980 4674" 
                    HPOS="373"
                    VPOS="4529"
                    WIDTH="2607"
                    HEIGHT="213">
            <Shape><Polygon POINTS="376 4655 373 4693 551 4723 555 4723 559 4723 635 4700 803 4719 807 4719 940 4704 966 4723 970 4723 974 4723 978 4727 978 4723 982 4723 985 4723 1012 4704 1100 4723 1103 4723 1355 4708 1416 4731 1419 4731 1423 4731 1728 4708 1941 4735 1945 4735 2329 4712 2375 4735 2379 4735 2382 4735 2561 4716 2588 4738 2592 4738 2596 4738 2599 4742 2702 4742 2702 4738 2706 4738 2710 4738 2737 4716 2976 4716 2980 4674 2973 4548 2832 4575 2706 4548 2702 4548 2698 4548 2615 4579 2261 4544 2257 4544 2253 4544 2185 4567 2101 4544 2097 4544 2093 4544 1956 4564 1926 4541 1922 4541 1918 4541 1914 4541 1541 4571 1476 4541 1473 4541 1469 4541 1385 4560 1358 4537 1355 4537 1351 4537 1347 4537 1343 4537 1256 4571 898 4571 761 4533 757 4533 753 4533 749 4533 631 4564 376 4529 376 4655"/></Shape>
	    <String CONTENT="ſa maiſon aux deſpens du pauure peuple: il"
                    HPOS="373"
                    VPOS="4529"
                    WIDTH="2607"
                    HEIGHT="213"
                    WC="0.9961160478137788"></String>
          </TextLine>
          <TextLine ID="line_27"
                    BASELINE="373 4815 2969 4830" 
                    HPOS="369"
                    VPOS="4697"
                    WIDTH="2600"
                    HEIGHT="194">
            <Shape><Polygon POINTS="373 4815 369 4853 631 4875 635 4875 715 4860 757 4879 761 4879 765 4879 768 4879 814 4856 841 4856 1168 4879 1172 4879 1743 4864 1792 4887 1796 4887 1800 4891 2112 4891 2112 4887 2116 4887 2188 4864 2318 4891 2322 4891 2443 4868 2965 4868 2969 4830 2965 4742 2676 4738 2672 4735 2622 4708 2619 4708 2615 4708 2398 4731 2322 4738 2295 4731 2226 4704 2223 4704 2219 4704 2009 4723 1903 4735 1880 4723 1846 4704 1842 4704 1838 4704 1758 4719 1614 4700 1610 4700 1606 4700 1602 4700 1579 4719 1556 4735 1473 4735 1328 4716 1210 4700 1206 4700 1157 4712 1077 4731 1043 4708 1024 4697 1020 4697 1016 4697 803 4697 799 4697 795 4697 791 4697 780 4704 757 4719 673 4704 631 4697 628 4697 624 4697 612 4704 567 4727 517 4700 506 4697 502 4697 498 4697 373 4697 373 4815"/></Shape>
	    <String CONTENT="diminuoit les forces du Roy, duquel il vou¬"
                    HPOS="369"
                    VPOS="4697"
                    WIDTH="2600"
                    HEIGHT="194"
                    WC="0.9994764965634013"></String>
          </TextLine>
          <TextLine ID="line_28"
                    BASELINE="376 4967 1922 4989 2973 4982" 
                    HPOS="373"
                    VPOS="4849"
                    WIDTH="2600"
                    HEIGHT="201">
            <Shape><Polygon POINTS="376 4967 373 5008 1054 5039 1058 5043 1351 5043 1351 5039 1355 5039 1400 5020 1408 5020 1583 5043 1587 5047 1808 5047 1808 5043 1811 5043 1815 5043 1842 5024 1850 5024 2002 5047 2006 5047 2009 5047 2078 5028 2124 5047 2127 5047 2131 5047 2440 5028 2478 5028 2481 5028 2500 5047 2500 5050 2504 5050 2508 5050 2512 5050 2516 5050 2561 5031 2672 5050 2676 5050 2969 5031 2973 4982 2969 4875 2832 4864 2828 4864 2824 4864 2797 4872 2725 4894 2668 4872 2649 4864 2645 4864 2641 4864 2638 4864 2611 4872 2516 4894 2402 4868 2360 4860 2356 4860 2352 4860 2348 4860 2348 4864 2341 4868 2314 4894 2215 4894 2185 4868 2177 4860 2173 4860 2169 4860 2166 4860 2120 4868 1979 4891 1640 4891 1595 4860 1587 4856 1583 4856 1579 4856 1575 4856 1537 4860 1397 4883 1324 4860 1301 4853 1298 4853 1294 4853 1290 4853 1286 4853 1279 4860 1244 4883 1202 4860 1199 4860 1195 4860 1027 4883 917 4856 902 4853 898 4853 894 4853 890 4853 883 4856 852 4872 784 4853 757 4849 753 4849 749 4849 376 4849 376 4967"/></Shape>
	    <String CONTENT="droit bien voir la Couronne ſur la teſte de"
                    HPOS="373"
                    VPOS="4849"
                    WIDTH="2600"
                    HEIGHT="201"
                    WC="0.9886474997498268"></String>
          </TextLine>
          <TextLine ID="line_29"
                    BASELINE="376 5134 2965 5142" 
                    HPOS="373"
                    VPOS="5016"
                    WIDTH="2592"
                    HEIGHT="186">
            <Shape><Polygon POINTS="376 5134 373 5180 1545 5199 1549 5199 1553 5199 1629 5180 1636 5180 1648 5180 1827 5202 1831 5202 1834 5202 1838 5202 1865 5183 1994 5202 1998 5202 2402 5183 2504 5202 2508 5202 2687 5180 2805 5202 2809 5202 2961 5176 2965 5142 2961 5058 2828 5058 2824 5054 2737 5020 2733 5020 2592 5020 2588 5020 2584 5020 2580 5020 2542 5050 2531 5058 2325 5058 2306 5047 2272 5024 2268 5024 2264 5024 2261 5024 2257 5024 2188 5043 2166 5050 2143 5043 2089 5024 2086 5024 2082 5024 2078 5024 2074 5024 2051 5039 1792 5020 1789 5020 1785 5020 1743 5035 1701 5054 1667 5035 1652 5024 1648 5024 1644 5024 1640 5024 1560 5035 1488 5043 1465 5031 1431 5016 1427 5016 1423 5016 1419 5016 1374 5031 1309 5054 856 5054 730 5020 708 5016 704 5016 677 5020 571 5035 376 5016 376 5134"/></Shape>
	    <String CONTENT="ſon frere, comme les trois Couronnes Papa¬"
                    HPOS="373"
                    VPOS="5016"
                    WIDTH="2592"
                    HEIGHT="186"
                    WC="0.9994265351976667"></String>
          </TextLine>
          <TextLine ID="line_30"
                    BASELINE="380 5290 2965 5301" 
                    HPOS="376"
                    VPOS="5172"
                    WIDTH="2589"
                    HEIGHT="190">
            <Shape><Polygon POINTS="380 5290 376 5328 612 5351 616 5351 1206 5339 1256 5358 1260 5358 1263 5358 1929 5343 2105 5362 2108 5362 2961 5339 2965 5301 2957 5218 2786 5218 2775 5214 2748 5191 2744 5191 2740 5191 2584 5183 2580 5183 2577 5183 2573 5183 2535 5210 2516 5221 2158 5221 2127 5202 2127 5199 2124 5199 2120 5199 2116 5199 2086 5199 1949 5214 1914 5199 1876 5180 1872 5180 1751 5180 1747 5180 1743 5180 1693 5195 1625 5214 1598 5191 1587 5183 1587 5180 1583 5180 1579 5180 1575 5180 1572 5180 1534 5191 1484 5206 1446 5187 1423 5180 1419 5180 1416 5180 1374 5187 1252 5214 1126 5195 1122 5195 1046 5210 989 5180 978 5176 974 5176 970 5176 856 5180 517 5191 380 5172 380 5290"/></Shape>
	    <String CONTENT="les ſur la ſienne: &amp; finalement que ce luy e¬"
                    HPOS="376"
                    VPOS="5172"
                    WIDTH="2589"
                    HEIGHT="190"
                    WC="0.999269617928399"></String>
          </TextLine>
          <TextLine ID="line_31"
                    BASELINE="384 5442 2961 5465" 
                    HPOS="380"
                    VPOS="5324"
                    WIDTH="2581"
                    HEIGHT="202">
            <Shape><Polygon POINTS="1336 5427 1313 5351 1111 5336 1069 5336 1065 5336 1062 5336 1058 5336 1008 5355 879 5332 864 5332 860 5332 845 5332 628 5355 578 5328 574 5328 384 5324 384 5442 380 5480 548 5511 551 5511 727 5488 738 5488 753 5488 905 5514 909 5518 1088 5518 1088 5514 1092 5514 1096 5514 1119 5495 1122 5492 1142 5495 1244 5518 1248 5518 1857 5507 2211 5503 2306 5514 2379 5526 2382 5526 2424 5518 2497 5503 2953 5526 2961 5465 2957 5377 2756 5377 2748 5370 2702 5347 2698 5347 2695 5347 2565 5362 2539 5343 2535 5343 2531 5343 2527 5343 2523 5343 2459 5366 2440 5370 2409 5366 2306 5343 2303 5343 2299 5343 2261 5362 2242 5374 2105 5374 2078 5358 2044 5339 2040 5339 1907 5339 1903 5339 1899 5339 1895 5339 1880 5355 1861 5366 1579 5366 1545 5347 1530 5339 1526 5339 1522 5339 1518 5339 1496 5347 1435 5362 1355 5355 1336 5427"/></Shape>
	    <String CONTENT="ſtoit vn vray moyen pour hazarder le Roy,"
                    HPOS="380"
                    VPOS="5324"
                    WIDTH="2581"
                    HEIGHT="202"
                    WC="0.991029935639079"></String>
          </TextLine>
          <TextLine ID="line_32"
                    BASELINE="388 5602 1446 5625 2961 5613" 
                    HPOS="384"
                    VPOS="5492"
                    WIDTH="2577"
                    HEIGHT="232">
            <Shape><Polygon POINTS="388 5602 384 5663 578 5689 582 5689 689 5666 734 5697 738 5697 742 5697 746 5697 959 5666 1004 5705 1008 5705 1012 5705 1016 5705 1062 5697 1096 5720 1100 5720 1103 5720 1107 5720 1286 5685 1366 5720 1370 5720 1374 5724 1876 5724 1876 5720 1880 5720 1884 5720 1968 5670 2268 5720 2272 5720 2276 5720 2352 5685 2481 5693 2485 5693 2489 5693 2539 5670 2813 5670 2896 5701 2900 5701 2904 5701 2908 5701 2912 5701 2957 5666 2961 5613 2957 5533 2855 5533 2855 5530 2816 5499 2816 5495 2813 5495 2809 5495 2805 5495 2801 5495 2733 5530 2725 5530 2721 5526 2641 5495 2638 5495 2634 5495 2630 5495 2542 5526 2527 5530 2520 5526 2485 5495 2481 5495 2478 5495 2474 5495 2375 5514 2318 5495 2314 5495 2310 5495 2120 5518 2017 5530 1983 5514 1933 5495 1929 5495 1926 5495 1846 5514 1773 5530 1663 5511 1655 5511 1652 5511 1633 5511 1332 5530 1279 5503 1260 5495 1256 5495 1252 5495 1248 5495 1229 5503 1168 5530 1138 5503 1130 5495 1126 5495 1122 5495 1119 5495 1054 5499 848 5522 807 5495 803 5492 799 5492 795 5492 791 5492 761 5495 681 5511 658 5495 658 5492 654 5492 650 5492 388 5492 388 5602"/></Shape>
	    <String CONTENT="les Princes du ſang, &amp; tous ceux de la de¬"
                    HPOS="384"
                    VPOS="5492"
                    WIDTH="2577"
                    HEIGHT="232"
                    WC="0.9986932008039384"></String>
          </TextLine>
        </TextBlock>
        <TextBlock HPOS="2039"
                   VPOS="5678"
                   WIDTH="402"
                   HEIGHT="185"
                   ID="block_3"
                   TAGREFS="BT17">
          <Shape><Polygon POINTS="2441 5678 2441 5863 2039 5863 2039 5678"/></Shape>
          <TextLine ID="line_33"
                    BASELINE="2055 5781 2405 5792" 
                    HPOS="2051"
                    VPOS="5663"
                    WIDTH="354"
                    HEIGHT="194">
            <Shape><Polygon POINTS="2055 5781 2051 5811 2146 5841 2150 5841 2154 5841 2204 5834 2257 5822 2394 5857 2405 5792 2398 5678 2295 5708 2177 5670 2158 5663 2154 5663 2150 5663 2055 5663 2055 5781"/></Shape>
	    <String CONTENT="Ee 3"
                    HPOS="2051"
                    VPOS="5663"
                    WIDTH="354"
                    HEIGHT="194"
                    WC="0.9999919533729553"></String>
          </TextLine>
        </TextBlock>
      </PrintSpace>
    </Page>
  </Layout>
</alto>
