4096 5904
846 337 476 151 M. D.XLVI.

2409 242 410 145 LIVRE

1401 347 893 204 à l'entour de Vlme.

1601 442 2268 233 Ayans les ennemis prins l'Eſcluſe ils cheminerent

1401 806 2475 223 ſent acheuee) qu’ils euſſent ſemblablement peu acheuer

1408 928 2471 213 le ſurplus: car eſtant audit Y ſproukc ils demouroieut

1411 1043 2468 213 ſeigneurs des deux chemins deſia declarez entrant de

1427 1161 2458 200 Tirol en Bauiero, & auſſi l’euſſent eſté du chemin qui

1417 1275 2468 223 vient d’Italie & de Trente, iuſques audict Yſprouk. Et

1417 1400 2468 207 en ceſte maniere iceux paſſages, par leſquels pouuoit

1421 1515 2468 200 venir ſecours à ſa maieſté d’argent & de gens, euſſent e¬

1414 1636 2471 210 ſté par eux ſerrez & empeſchez. Mais ceux d’Yſprouſt

1421 1767 2455 200 qui auoient la charge & gouuernemẽt de la vil le pour

1421 1879 2471 197 ueurent ſi bien à ce qu’il conuenoit, que les ennemis

1417 1987 2478 217 n’en approcherent à quatre lieues pres: pour-ce qu’en

1417 2102 2478 203 ſix ou ſept iours, ſ'aſſemblerent dix ou douze mille lo¬

1421 2220 2474 220 mes rengez ſonb la conduicte de Caſtelalto: & ſe met¬

1424 2348 2481 213 ront partie d’eux dedans Y ſproux. Parquoy voyans, que

1430 2460 2475 219 à Cofſtain (qui eſtoit l'vn des paſſages dont nous auons

1437 2568 2458 229 parlé çy deſſus) y auoit deſia quatre cens Eſpagnols at¬

1440 2689 2468 213 mez, les ennemis perdans l’eſpoir de ceſte entrepriſe ſe

1440 2810 2472 210 retirerent laiſſans Eſcluſe & Fieſſen bien pourueus. Ct¬

1444 2925 2471 204 ſtuy Caſtelalto eſtoit vn des plus vieux Colonnels d'ſſ

1450 3050 2472 210 lemaigne vaſſal du Roy des Romains, lequel trouus

1450 3171 2468 207 deſpuis & pendant ceſte guerre l’Eſcluſe auant dicte,

1453 3280 2478 223 Deſia en ce temps les gens que ſa Saincteté enuoyoit

1457 3394 2474 220 commençoient à cheminer, auſſi faiſoiẽt les Eſpagnols

1463 3522 2462 194 venans de Lombardie. Ceux de Naples ſ'eſtoient em¬

1463 3627 2475 207 barquez en la Poulle, & venoient deſembarquer en ſa

1463 3762 2475 203 terre du Roy des Romains ioingnant aux Venitiens eu

1470 3867 2475 203 vne ville nommee Fieume en la Dalmatie, & de là past

1470 3981 2475 220 Carinthie & Stirie, deuoient venir à Salzbourg, puis eu

1473 4119 2475 194 Bauiere. Les ennemis retournerent à Aſbourg avants

1480 4221 2465 216 failly l’entreprinſe d’Yſproux, laquelle comme i'ay

1476 4342 2472 207 dict leur eſtoit fort importante, mais beaucoup plus

1483 4575 2478 220 ſi quand ils partirent d’Auſbourg il fuſſent venur

833 541 552 180 les proteſtans

853 660 537 166 entreprennẽt droit contre Y ſprouk, auec intention de le prendre, qui

843 800 548 157 ſur Yiprouk. eſtoit vne entrepriſe de ſi grand importance (ſ’ils l’euſ¬

905 3047 450 193 Castelalto.

1017 4522 451 178 Fainte des leur importoit pour paruenir à ce qu’ils pretendoient,

932 4670 449 161 proteſtans

932 4759 553 177 quι n'αßιεgέt droict à Ratiſbonne: car ils euſſent trouué ſa maieſte

935 4911 527 183 l'Empereur ſi deſpourueue de gens, que ſon plus ſeur remede euſt

935 5031 482 164 deſpourueu.
