<?xml version="1.0" encoding="UTF-8"?>
<alto xmlns:xsi="http://www.w3.org/2001/XMLSchema-instance"
      xmlns="http://www.loc.gov/standards/alto/ns-v4#"
      xsi:schemaLocation="http://www.loc.gov/standards/alto/ns-v4# http://www.loc.gov/standards/alto/v4/alto-4-2.xsd">
  <Description>
    <MeasurementUnit>pixel</MeasurementUnit>
    <sourceImageInformation>
      <fileName>page_001.jpg</fileName>
    </sourceImageInformation>
  </Description>
  <Tags>
    <OtherTag ID="BT7" LABEL="CustomZone" DESCRIPTION="block type CustomZone"/><OtherTag ID="BT8" LABEL="DamageZone" DESCRIPTION="block type DamageZone"/><OtherTag ID="BT9" LABEL="DigitizationArtefactZone" DESCRIPTION="block type DigitizationArtefactZone"/><OtherTag ID="BT10" LABEL="DropCapitalZone" DESCRIPTION="block type DropCapitalZone"/><OtherTag ID="BT11" LABEL="GraphicZone" DESCRIPTION="block type GraphicZone"/><OtherTag ID="BT12" LABEL="MainZone" DESCRIPTION="block type MainZone"/><OtherTag ID="BT13" LABEL="MarginTextZone" DESCRIPTION="block type MarginTextZone"/><OtherTag ID="BT14" LABEL="MusicZone" DESCRIPTION="block type MusicZone"/><OtherTag ID="BT15" LABEL="NumberingZone" DESCRIPTION="block type NumberingZone"/><OtherTag ID="BT17" LABEL="QuireMarksZone" DESCRIPTION="block type QuireMarksZone"/><OtherTag ID="BT18" LABEL="RunningTitleZone" DESCRIPTION="block type RunningTitleZone"/><OtherTag ID="BT19" LABEL="SealZone" DESCRIPTION="block type SealZone"/><OtherTag ID="BT20" LABEL="StampZone" DESCRIPTION="block type StampZone"/><OtherTag ID="BT21" LABEL="TableZone" DESCRIPTION="block type TableZone"/><OtherTag ID="BT22" LABEL="TitlePageZone" DESCRIPTION="block type TitlePageZone"/><OtherTag ID="BT2522" LABEL="MainZone-Continued" DESCRIPTION="block type MainZone-Continued"/><OtherTag ID="BT2523" LABEL="MarginTextZone-Notes" DESCRIPTION="block type MarginTextZone-Notes"/><OtherTag ID="BT2524" LABEL="MainZone-Head" DESCRIPTION="block type MainZone-Head"/><OtherTag ID="BT2525" LABEL="MainZone-P" DESCRIPTION="block type MainZone-P"/><OtherTag ID="BT2526" LABEL="MainZone-Signature" DESCRIPTION="block type MainZone-Signature"/><OtherTag ID="BT2527" LABEL="TitlePageZone-Index" DESCRIPTION="block type TitlePageZone-Index"/><OtherTag ID="BT2528" LABEL="MainZone-Entry" DESCRIPTION="block type MainZone-Entry"/><OtherTag ID="BT2529" LABEL="MainZone-Sp" DESCRIPTION="block type MainZone-Sp"/><OtherTag ID="BT2530" LABEL="GraphicZone-Decoration" DESCRIPTION="block type GraphicZone-Decoration"/><OtherTag ID="BT2531" LABEL="MarginTextZone-ManuscriptAddendum" DESCRIPTION="block type MarginTextZone-ManuscriptAddendum"/><OtherTag ID="BT2532" LABEL="MainZone-Other" DESCRIPTION="block type MainZone-Other"/><OtherTag ID="BT2533" LABEL="MainZone-ListItem" DESCRIPTION="block type MainZone-ListItem"/><OtherTag ID="BT2534" LABEL="GraphicZone-Head" DESCRIPTION="block type GraphicZone-Head"/><OtherTag ID="BT2535" LABEL="MainZone-Lg" DESCRIPTION="block type MainZone-Lg"/><OtherTag ID="BT2536" LABEL="MainZone-Date" DESCRIPTION="block type MainZone-Date"/>
    <OtherTag ID="LT7" LABEL="CustomLine" DESCRIPTION="line type CustomLine"/><OtherTag ID="LT8" LABEL="DefaultLine" DESCRIPTION="line type DefaultLine"/><OtherTag ID="LT9" LABEL="DropCapitalLine" DESCRIPTION="line type DropCapitalLine"/><OtherTag ID="LT10" LABEL="HeadingLine" DESCRIPTION="line type HeadingLine"/><OtherTag ID="LT11" LABEL="InterlinearLine" DESCRIPTION="line type InterlinearLine"/><OtherTag ID="LT12" LABEL="MusicLine" DESCRIPTION="line type MusicLine"/><OtherTag ID="LT749" LABEL="default" DESCRIPTION="line type default"/>
  </Tags>
  <Layout>
    <Page WIDTH="4096"
          HEIGHT="7085"
          PHYSICAL_IMG_NR="1"
          ID="eSc_dummypage_">
      <PrintSpace HPOS="0"
                  VPOS="0"
                  WIDTH="4096"
                  HEIGHT="7085">
        <TextBlock HPOS="527"
                   VPOS="498"
                   WIDTH="870"
                   HEIGHT="112"
                   ID="block_1"
                   TAGREFS="BT18">
          <Shape><Polygon POINTS="1397 498 1394 604 527 610 527 498"/></Shape>
          <TextLine ID="line_1"
                    TAGREFS="LT10"
                    BASELINE="523 590 1014 590 1461 590" 
                    HPOS="520"
                    VPOS="466"
                    WIDTH="939"
                    HEIGHT="183">
            <Shape><Polygon POINTS="1288 501 1229 501 1170 501 1111 501 1052 501 992 501 933 501 874 501 815 501 756 501 697 501 638 501 579 501 520 584 520 649 1459 625 1459 584 1453 466 1347 466 1347 501"/></Shape>
	    <String CONTENT="L’AN M. CLXXX."
                    HPOS="520"
                    VPOS="466"
                    WIDTH="939"
                    HEIGHT="183"
                    WC="0.998992498431887"></String>
          </TextLine>
        </TextBlock>
        <TextBlock HPOS="528"
                   VPOS="637"
                   WIDTH="311"
                   HEIGHT="265"
                   ID="block_2"
                   TAGREFS="BT2523">
          <Shape><Polygon POINTS="839 637 839 747 833 747 833 821 839 821 839 902 528 902 528 637"/></Shape>
          <TextLine ID="line_2"
                    TAGREFS="LT8"
                    BASELINE="527 688 733 690 842 691" 
                    HPOS="520"
                    VPOS="590"
                    WIDTH="319"
                    HEIGHT="148">
            <Shape><Polygon POINTS="821 590 526 602 526 684 520 738 833 732 839 690 827 608 821 590"/></Shape>
	    <String CONTENT="Loüãges de uers ſes ſuiets, lefquels il gouuernoit auec vne grande douceur &amp; courtoiſie: ſe mon¬"
                    HPOS="520"
                    VPOS="590"
                    WIDTH="319"
                    HEIGHT="148"
                    WC="0.9866208099589056"></String>
          </TextLine>
          <TextLine ID="line_3"
                    TAGREFS="LT8"
                    BASELINE="535 771 819 794" 
                    HPOS="520"
                    VPOS="696"
                    WIDTH="295"
                    HEIGHT="136">
            <Shape><Polygon POINTS="531 767 520 820 803 832 815 791 815 720 531 696 531 767"/></Shape>
	    <String CONTENT="ᗅLouys le ſtrant clement aux delinquans &amp; pecheurs, ennemy des vicieux qu’il chaſtioit ſelon"
                    HPOS="520"
                    VPOS="696"
                    WIDTH="295"
                    HEIGHT="136"
                    WC="0.9861496169488508"></String>
          </TextLine>
          <TextLine ID="line_49"
                    TAGREFS="LT8"
                    BASELINE="531 854 732 862" 
                    HPOS="527"
                    VPOS="787"
                    WIDTH="205"
                    HEIGHT="134">
            <Shape><Polygon POINTS="701 787 531 795 531 854 527 921 728 917 732 862 728 791"/></Shape>
	    <String CONTENT="Ieune."
                    HPOS="527"
                    VPOS="787"
                    WIDTH="205"
                    HEIGHT="134"
                    WC="0.9902872641881307"></String>
          </TextLine>
        </TextBlock>
        <TextBlock HPOS="827"
                   VPOS="648"
                   WIDTH="3002"
                   HEIGHT="4586"
                   ID="block_5"
                   TAGREFS="BT2522">
          <Shape><Polygon POINTS="3829 665 3809 5197 827 5234 841 821 842 821 842 747 842 648"/></Shape>
          <TextLine ID="eSc_line_9b12f3a6"
                    TAGREFS="LT8"
                    BASELINE="864 691 2985 708 3824 736" 
                    HPOS="857"
                    VPOS="649"
                    WIDTH="2961"
                    HEIGHT="124">
            <Shape><Polygon POINTS="3759 661 2872 661 2813 655 1867 655 1808 649 862 649 857 755 3806 773 3818 732 3818 649 3812 673"/></Shape>
	    <String CONTENT=""
                    HPOS="857"
                    VPOS="649"
                    WIDTH="2961"
                    HEIGHT="124"></String>
          </TextLine>
          <TextLine ID="eSc_line_528e967f"
                    TAGREFS="LT8"
                    BASELINE="825 794 921 802 2859 806 3820 838" 
                    HPOS="815"
                    VPOS="696"
                    WIDTH="3003"
                    HEIGHT="177">
            <Shape><Polygon POINTS="3717 732 3658 732 3634 726 821 696 821 791 815 832 3806 873 3818 832 3812 732 3776 726 3776 732"/></Shape>
	    <String CONTENT=""
                    HPOS="815"
                    VPOS="696"
                    WIDTH="3003"
                    HEIGHT="177"></String>
          </TextLine>
          <TextLine ID="line_4"
                    TAGREFS="LT8"
                    BASELINE="827 897 2875 905 3820 932" 
                    HPOS="823"
                    VPOS="826"
                    WIDTH="2997"
                    HEIGHT="138">
            <Shape><Polygon POINTS="823 940 3812 964 3820 932 3816 854 827 826 827 897"/></Shape>
	    <String CONTENT="la rigueur de la loy:liberal à faire aumoſnes, &amp; le vray patrõ des charitables à l’endroit"
                    HPOS="823"
                    VPOS="826"
                    WIDTH="2997"
                    HEIGHT="138"
                    WC="0.983894548749411"></String>
          </TextLine>
          <TextLine ID="line_5"
                    TAGREFS="LT8"
                    BASELINE="827 995 3131 1003 3820 1031" 
                    HPOS="823"
                    VPOS="917"
                    WIDTH="2997"
                    HEIGHT="145">
            <Shape><Polygon POINTS="823 1039 3812 1062 3820 1031 3816 948 3205 924 3201 924 2725 940 2682 940 2674 940 2579 921 2575 921 2130 936 2107 936 2095 936 1921 917 1918 917 827 928 827 995"/></Shape>
	    <String CONTENT="des pauures, qu’il nourriſſoit &amp; entretenoit fort pitoyablement: ſi adonné à l’oraiſon"
                    HPOS="823"
                    VPOS="917"
                    WIDTH="2997"
                    HEIGHT="145"
                    WC="0.9961757612499323"></String>
          </TextLine>
          <TextLine ID="line_6"
                    TAGREFS="LT8"
                    BASELINE="827 1102 2985 1098 3816 1121" 
                    HPOS="823"
                    VPOS="1015"
                    WIDTH="2993"
                    HEIGHT="138">
            <Shape><Polygon POINTS="823 1141 3808 1153 3816 1121 3812 1043 3316 1043 3316 1039 3288 1019 3284 1019 3280 1019 3276 1019 1921 1035 1898 1015 1894 1015 1890 1015 1886 1015 1209 1035 1177 1015 1173 1015 1169 1015 1165 1015 1161 1015 1079 1035 1020 1015 1016 1015 1012 1015 1008 1015 960 1035 933 1015 929 1015 925 1015 921 1015 827 1035 827 1102"/></Shape>
	    <String CONTENT="que ſouuent il paſſoit les nuits en veilles &amp; prieres eſquelles il ſe fioit beaucoup plus"
                    HPOS="823"
                    VPOS="1015"
                    WIDTH="2993"
                    HEIGHT="138"
                    WC="0.9863365473372213"></String>
          </TextLine>
          <TextLine ID="line_7"
                    TAGREFS="LT8"
                    BASELINE="827 1188 3044 1196 3820 1220" 
                    HPOS="827"
                    VPOS="1106"
                    WIDTH="2993"
                    HEIGHT="141">
            <Shape><Polygon POINTS="827 1188 827 1247 3816 1247 3820 1220 3816 1145 3564 1121 3560 1121 3556 1121 3552 1121 3528 1141 3524 1145 3363 1145 3359 1141 3316 1121 3312 1121 3308 1121 3304 1121 3300 1121 3272 1141 3268 1141 3264 1141 3217 1117 3213 1117 3209 1117 3036 1137 3024 1137 3005 1137 2607 1113 2603 1113 2433 1133 2422 1137 2071 1137 2063 1133 2000 1109 1996 1109 1992 1109 1831 1129 1819 1129 1788 1129 1307 1109 1303 1109 1299 1109 1252 1125 1232 1106 1228 1106 1224 1106 1220 1106 827 1121 827 1188"/></Shape>
	    <String CONTENT="qu’en l’effort des armes, qu’il n’aymoit que par force, quoy que de ſon temps il ave"
                    HPOS="827"
                    VPOS="1106"
                    WIDTH="2993"
                    HEIGHT="141"
                    WC="0.9849806222177687"></String>
          </TextLine>
          <TextLine ID="line_8"
                    TAGREFS="LT8"
                    BASELINE="823 1291 2871 1291 3816 1318" 
                    HPOS="819"
                    VPOS="1224"
                    WIDTH="2997"
                    HEIGHT="122">
            <Shape><Polygon POINTS="823 1291 819 1334 3808 1346 3816 1318 3812 1239 823 1224 823 1291"/></Shape>
	    <String CONTENT="fait pluſieurs guerres à pluſieurs &amp; pour diuerſes occaſions, ne cerchant que le repos"
                    HPOS="819"
                    VPOS="1224"
                    WIDTH="2997"
                    HEIGHT="122"
                    WC="0.9935427952086788"></String>
          </TextLine>
          <TextLine ID="line_9"
                    TAGREFS="LT8"
                    BASELINE="823 1389 2556 1385 3816 1413" 
                    HPOS="823"
                    VPOS="1306"
                    WIDTH="2993"
                    HEIGHT="138">
            <Shape><Polygon POINTS="823 1389 823 1436 972 1420 1189 1440 1228 1440 1232 1444 3812 1444 3816 1413 3812 1338 3536 1338 3532 1334 3513 1314 3509 1314 3505 1314 3501 1314 3245 1330 3174 1334 3138 1330 3020 1310 2768 1310 2764 1310 2760 1310 2729 1326 2721 1330 2674 1326 2520 1306 2516 1306 2296 1322 2221 1326 2142 1322 1977 1306 1973 1306 823 1306 823 1389"/></Shape>
	    <String CONTENT="de ſon peuple, qu’il gouuerna ſagement, &amp; ſ&#x27;efforça de le maintenir ſous l’equité des"
                    HPOS="823"
                    VPOS="1306"
                    WIDTH="2993"
                    HEIGHT="138"
                    WC="0.9882138207040984"></String>
          </TextLine>
          <TextLine ID="line_10"
                    TAGREFS="LT8"
                    BASELINE="815 1491 2575 1483 3816 1507" 
                    HPOS="811"
                    VPOS="1401"
                    WIDTH="3005"
                    HEIGHT="141">
            <Shape><Polygon POINTS="815 1491 811 1531 3808 1542 3816 1507 3812 1432 3036 1409 3032 1409 3028 1409 2981 1420 2953 1428 2930 1420 2894 1409 2890 1409 2886 1409 2882 1409 2879 1409 2863 1420 2847 1432 2634 1432 2595 1417 2556 1405 2552 1405 2548 1405 1921 1409 968 1420 815 1401 815 1491"/></Shape>
	    <String CONTENT="loix anciennes de Gaule. Sous luy furent baſties ou reparées, &amp; renouuellées pluſieurs"
                    HPOS="811"
                    VPOS="1401"
                    WIDTH="3005"
                    HEIGHT="141"
                    WC="0.9868573153560812"></String>
          </TextLine>
          <TextLine ID="line_11"
                    TAGREFS="LT8"
                    BASELINE="819 1590 2650 1582 3816 1601" 
                    HPOS="815"
                    VPOS="1499"
                    WIDTH="3001"
                    HEIGHT="138">
            <Shape><Polygon POINTS="819 1590 815 1613 3808 1637 3816 1601 3812 1527 3296 1527 3292 1523 3272 1503 3268 1503 3264 1503 3261 1503 3257 1503 3205 1519 3198 1523 3194 1519 3158 1503 3154 1503 3150 1503 3146 1503 3103 1519 3091 1523 3079 1519 3012 1503 3008 1503 3005 1503 3001 1503 2945 1519 2926 1523 2875 1519 2717 1503 2713 1503 2623 1519 2583 1523 2552 1515 2500 1503 2496 1503 2493 1503 2422 1515 2378 1523 2351 1515 2311 1503 2307 1503 2304 1503 2205 1515 2126 1523 2099 1515 2071 1503 2067 1503 2063 1503 1925 1511 1772 1523 1705 1511 1638 1499 1634 1499 1563 1511 1500 1519 1421 1511 1343 1499 1339 1499 1335 1499 1303 1507 1264 1519 1224 1507 1197 1499 1193 1499 1189 1499 819 1503 819 1590"/></Shape>
	    <String CONTENT="villes que les fureurs des guerres du paſſé auoyent miſes par terre: furent abatus plu¬"
                    HPOS="815"
                    VPOS="1499"
                    WIDTH="3001"
                    HEIGHT="138"
                    WC="0.9872670993208885"></String>
          </TextLine>
          <TextLine ID="line_12"
                    TAGREFS="LT8"
                    BASELINE="815 1684 2981 1680 3812 1700" 
                    HPOS="811"
                    VPOS="1609"
                    WIDTH="3001"
                    HEIGHT="118">
            <Shape><Polygon POINTS="815 1684 811 1724 3804 1727 3812 1700 3808 1617 815 1609 815 1684"/></Shape>
	    <String CONTENT="ſieurs boys &amp; foreſts qui rendoyent le pays deſert &amp; ſolitaire, &amp; fut peuplé de belles"
                    HPOS="811"
                    VPOS="1609"
                    WIDTH="3001"
                    HEIGHT="118"
                    WC="0.9977799941753519"></String>
          </TextLine>
          <TextLine ID="line_13"
                    TAGREFS="LT8"
                    BASELINE="819 1771 3162 1779 3812 1798" 
                    HPOS="815"
                    VPOS="1704"
                    WIDTH="2997"
                    HEIGHT="118">
            <Shape><Polygon POINTS="819 1771 815 1818 3804 1822 3812 1798 3808 1720 819 1704 819 1771"/></Shape>
	    <String CONTENT="Abbaïes, par le moyen deſquelles on voit de gros bourgs &amp; aſſez belles villes peuplées"
                    HPOS="815"
                    VPOS="1704"
                    WIDTH="2997"
                    HEIGHT="118"
                    WC="0.9886920485984195"></String>
          </TextLine>
          <TextLine ID="line_14"
                    TAGREFS="LT8"
                    BASELINE="819 1865 3808 1889" 
                    HPOS="815"
                    VPOS="1794"
                    WIDTH="2993"
                    HEIGHT="142">
            <Shape><Polygon POINTS="819 1865 815 1905 3800 1936 3808 1889 3800 1806 3517 1822 3233 1802 3190 1802 3186 1802 3131 1802 2823 1818 2756 1802 2737 1798 2733 1798 2729 1798 2603 1802 2339 1814 2327 1802 2319 1798 2319 1794 2315 1794 2311 1794 2307 1794 819 1798 819 1865"/></Shape>
	    <String CONTENT="&amp; riches par tout ce Royaume: ainſi parle celle ancienne Chronique. Mais afin qu’il"
                    HPOS="815"
                    VPOS="1794"
                    WIDTH="2993"
                    HEIGHT="142"
                    WC="0.9894788868456001"></String>
          </TextLine>
          <TextLine ID="line_15"
                    TAGREFS="LT8"
                    BASELINE="819 1971 2611 1968 3812 1991" 
                    HPOS="819"
                    VPOS="1889"
                    WIDTH="2993"
                    HEIGHT="126">
            <Shape><Polygon POINTS="3611 1964 3572 1964 3532 1964 3493 1964 3454 1964 3414 1964 3375 1964 3335 1964 3296 1964 3257 1964 3217 1964 3178 1964 3138 1964 3099 1964 3060 1964 3020 1964 2981 1964 2942 1964 2902 1964 2863 1964 2823 1964 2784 1964 2745 1964 2705 1964 2670 1964 2630 1964 2591 1964 2552 1964 2512 1964 2473 1964 2433 1964 2394 1964 2355 1964 2315 1964 2276 1964 2237 1964 2197 1964 2158 1964 2118 1964 2079 1964 2048 1897 2016 1893 2012 1893 1437 1912 1232 1889 901 1889 897 1889 894 1889 819 1912 819 1971 819 2015 3808 2011 3812 1991 3619 1964 3611 1964"/></Shape>
	    <String CONTENT="ne ſemble que ie cerche ce qui nous chatoume roreie te hoi les vices, qui ont ties"
                    HPOS="819"
                    VPOS="1889"
                    WIDTH="2993"
                    HEIGHT="126"
                    WC="0.9642627159269844"></String>
          </TextLine>
          <TextLine ID="eSc_line_fec3fda9"
                    TAGREFS="LT8"
                    BASELINE="839 2082 1055 2066 3808 2086" 
                    HPOS="827"
                    VPOS="1977"
                    WIDTH="2979"
                    HEIGHT="160">
            <Shape><Polygon POINTS="833 2078 827 2113 3794 2137 3806 2084 3806 2007 833 1977 833 2078"/></Shape>
	    <String CONTENT=""
                    HPOS="827"
                    VPOS="1977"
                    WIDTH="2979"
                    HEIGHT="160"></String>
          </TextLine>
          <TextLine ID="eSc_line_a5ff1f40"
                    TAGREFS="LT8"
                    BASELINE="859 2175 1146 2164 3808 2180" 
                    HPOS="851"
                    VPOS="2066"
                    WIDTH="2955"
                    HEIGHT="159">
            <Shape><Polygon POINTS="975 2072 916 2072 857 2078 857 2172 851 2214 3794 2225 3806 2178 3800 2095 1016 2066 975 2072"/></Shape>
	    <String CONTENT=""
                    HPOS="851"
                    VPOS="2066"
                    WIDTH="2955"
                    HEIGHT="159"></String>
          </TextLine>
          <TextLine ID="eSc_line_1f427a19"
                    TAGREFS="LT8"
                    BASELINE="853 2271 1827 2259 3808 2275" 
                    HPOS="845"
                    VPOS="2172"
                    WIDTH="2961"
                    HEIGHT="154">
            <Shape><Polygon POINTS="851 2267 845 2308 3794 2326 3806 2273 3800 2184 851 2172 851 2267"/></Shape>
	    <String CONTENT=""
                    HPOS="845"
                    VPOS="2172"
                    WIDTH="2961"
                    HEIGHT="154"></String>
          </TextLine>
          <TextLine ID="line_19"
                    TAGREFS="LT8"
                    BASELINE="803 2357 2764 2357 3808 2377" 
                    HPOS="803"
                    VPOS="2290"
                    WIDTH="3005"
                    HEIGHT="114">
            <Shape><Polygon POINTS="803 2357 803 2404 3804 2401 3808 2377 3804 2294 803 2290 803 2357"/></Shape>
	    <String CONTENT="quarante-quatrieſme du regne de Louys Roy des François:ce Roy Louys ſortit dece"
                    HPOS="803"
                    VPOS="2290"
                    WIDTH="3005"
                    HEIGHT="114"
                    WC="0.9883541814982891"></String>
          </TextLine>
          <TextLine ID="eSc_line_7977679d"
                    TAGREFS="LT8"
                    BASELINE="845 2439 3808 2467" 
                    HPOS="833"
                    VPOS="2361"
                    WIDTH="2973"
                    HEIGHT="142">
            <Shape><Polygon POINTS="839 2426 839 2438 833 2491 3794 2503 3806 2462 3800 2379 892 2361 839 2426"/></Shape>
	    <String CONTENT=""
                    HPOS="833"
                    VPOS="2361"
                    WIDTH="2973"
                    HEIGHT="142"></String>
          </TextLine>
          <TextLine ID="eSc_line_426af4d8"
                    TAGREFS="LT8"
                    BASELINE="845 2542 866 2550 3804 2562" 
                    HPOS="833"
                    VPOS="2456"
                    WIDTH="2967"
                    HEIGHT="141">
            <Shape><Polygon POINTS="839 2538 833 2597 3794 2597 3800 2556 3794 2467 839 2456 839 2538"/></Shape>
	    <String CONTENT=""
                    HPOS="833"
                    VPOS="2456"
                    WIDTH="2967"
                    HEIGHT="141"></String>
          </TextLine>
          <TextLine ID="line_22"
                    TAGREFS="LT8"
                    BASELINE="838 2649 3804 2664" 
                    HPOS="834"
                    VPOS="2578"
                    WIDTH="2970"
                    HEIGHT="126">
            <Shape><Polygon POINTS="838 2649 834 2688 3796 2704 3804 2664 3800 2589 838 2578 838 2649"/></Shape>
	    <String CONTENT="niſtres ſacrez ſur tout Prince de ſon aage: mais vn peu plus ſimple &amp; maniable qu’il ne"
                    HPOS="834"
                    VPOS="2578"
                    WIDTH="2970"
                    HEIGHT="126"
                    WC="0.9955276243988125"></String>
          </TextLine>
          <TextLine ID="eSc_line_f9131dd8"
                    TAGREFS="LT8"
                    BASELINE="842 2753 980 2747 3800 2759" 
                    HPOS="833"
                    VPOS="2662"
                    WIDTH="2961"
                    HEIGHT="136">
            <Shape><Polygon POINTS="839 2751 833 2780 3782 2798 3794 2757 3788 2674 839 2662 839 2751"/></Shape>
	    <String CONTENT=""
                    HPOS="833"
                    VPOS="2662"
                    WIDTH="2961"
                    HEIGHT="136"></String>
          </TextLine>
          <TextLine ID="eSc_line_17bd5fe1"
                    TAGREFS="LT8"
                    BASELINE="842 2848 2441 2841 3800 2857" 
                    HPOS="833"
                    VPOS="2751"
                    WIDTH="2961"
                    HEIGHT="153">
            <Shape><Polygon POINTS="839 2845 833 2904 3788 2904 3794 2851 3788 2769 839 2751 839 2845"/></Shape>
	    <String CONTENT=""
                    HPOS="833"
                    VPOS="2751"
                    WIDTH="2961"
                    HEIGHT="153"></String>
          </TextLine>
          <TextLine ID="line_25"
                    TAGREFS="LT8"
                    BASELINE="803 2936 3804 2956" 
                    HPOS="799"
                    VPOS="2861"
                    WIDTH="3005"
                    HEIGHT="134">
            <Shape><Polygon POINTS="803 2936 799 2963 3796 2995 3804 2956 3800 2889 803 2861 803 2936"/></Shape>
	    <String CONTENT="qui eſtoyent aſſez manifeſtes: d’autant qu’il ſe laiſſoit manier &amp; gouuerner plus que de"
                    HPOS="799"
                    VPOS="2861"
                    WIDTH="3005"
                    HEIGHT="134"
                    WC="0.9861509461294521"></String>
          </TextLine>
          <TextLine ID="eSc_line_61d5ccfe"
                    TAGREFS="LT8"
                    BASELINE="831 3021 3804 3046" 
                    HPOS="821"
                    VPOS="2946"
                    WIDTH="2979"
                    HEIGHT="159">
            <Shape><Polygon POINTS="827 3017 821 3081 3788 3105 3800 3040 3800 2963 827 2946 827 3017"/></Shape>
	    <String CONTENT=""
                    HPOS="821"
                    VPOS="2946"
                    WIDTH="2979"
                    HEIGHT="159"></String>
          </TextLine>
          <TextLine ID="line_27"
                    TAGREFS="LT8"
                    BASELINE="811 3129 3804 3144" 
                    HPOS="811"
                    VPOS="3062"
                    WIDTH="2993"
                    HEIGHT="118">
            <Shape><Polygon POINTS="811 3129 811 3180 3800 3180 3804 3144 3800 3081 811 3062 811 3129"/></Shape>
	    <String CONTENT="de la reputation de leur Monarque, ce qui ſouuent denigra grandement le renom de"
                    HPOS="811"
                    VPOS="3062"
                    WIDTH="2993"
                    HEIGHT="118"
                    WC="0.995553395152092"></String>
          </TextLine>
          <TextLine ID="line_28"
                    TAGREFS="LT8"
                    BASELINE="807 3235 3800 3243" 
                    HPOS="803"
                    VPOS="3164"
                    WIDTH="2997"
                    HEIGHT="110">
            <Shape><Polygon POINTS="807 3235 803 3270 3792 3274 3800 3243 3796 3172 807 3164 807 3235"/></Shape>
	    <String CONTENT="ce bon Prince: comme lors qu’il deffendit l’impieté du fils du Roy Henry contre ſon"
                    HPOS="803"
                    VPOS="3164"
                    WIDTH="2997"
                    HEIGHT="110"
                    WC="0.9869896343776158"></String>
          </TextLine>
          <TextLine ID="line_29"
                    TAGREFS="LT8"
                    BASELINE="807 3337 3804 3337" 
                    HPOS="807"
                    VPOS="3266"
                    WIDTH="2997"
                    HEIGHT="115">
            <Shape><Polygon POINTS="807 3337 807 3381 3804 3373 3804 3337 3804 3270 807 3266 807 3337"/></Shape>
	    <String CONTENT="pere, &amp; que de tout ſon pouuoir il le ſecourut en vne querelle tant iniuſte. Ainſi parle"
                    HPOS="807"
                    VPOS="3266"
                    WIDTH="2997"
                    HEIGHT="115"
                    WC="0.9947582171721892"></String>
          </TextLine>
          <TextLine ID="line_30"
                    TAGREFS="LT8"
                    BASELINE="807 3428 3804 3436" 
                    HPOS="807"
                    VPOS="3357"
                    WIDTH="2997"
                    HEIGHT="110">
            <Shape><Polygon POINTS="807 3428 807 3467 3800 3467 3804 3436 3800 3365 807 3357 807 3428"/></Shape>
	    <String CONTENT="l&#x27;Anglois pour la cauſe de ſa nation que ie trouue aſſez equitable, ſi Louys ne ſe fut"
                    HPOS="807"
                    VPOS="3357"
                    WIDTH="2997"
                    HEIGHT="110"
                    WC="0.9894408230171647"></String>
          </TextLine>
          <TextLine ID="line_31"
                    TAGREFS="LT8"
                    BASELINE="811 3522 3800 3534" 
                    HPOS="811"
                    VPOS="3440"
                    WIDTH="2989"
                    HEIGHT="133">
            <Shape><Polygon POINTS="811 3522 811 3573 3796 3573 3800 3534 3800 3471 3741 3448 3737 3448 3261 3448 3257 3448 3253 3448 3249 3448 3217 3467 3213 3467 3190 3467 2686 3444 2682 3444 2678 3444 2634 3463 2556 3444 2552 3444 2548 3444 2544 3444 2489 3463 2441 3444 2437 3444 2433 3444 2189 3463 2170 3463 2162 3463 2075 3444 2071 3444 2067 3444 2063 3444 2032 3463 2024 3463 1929 3444 1925 3444 1547 3459 1539 3459 1516 3440 1512 3440 1508 3440 1504 3440 1402 3459 1394 3463 1185 3463 1181 3459 1153 3440 1150 3440 1146 3440 1142 3440 1138 3440 1134 3440 1110 3459 1106 3459 811 3459 811 3522"/></Shape>
	    <String CONTENT="preualu de tout moyen propre au bien public des ſiens, pour repouſſer les forcesde"
                    HPOS="811"
                    VPOS="3440"
                    WIDTH="2989"
                    HEIGHT="133"
                    WC="0.9963043135840718"></String>
          </TextLine>
          <TextLine ID="line_32"
                    TAGREFS="LT8"
                    BASELINE="811 3617 3800 3625" 
                    HPOS="811"
                    VPOS="3554"
                    WIDTH="2989"
                    HEIGHT="114">
            <Shape><Polygon POINTS="811 3617 811 3668 3796 3660 3800 3625 3796 3562 811 3554 811 3617"/></Shape>
	    <String CONTENT="celuy, qui ne faiſoit conſcience, eſtant ſuiet du Roy, de ſe reuolter contre ſon ſouue¬"
                    HPOS="811"
                    VPOS="3554"
                    WIDTH="2989"
                    HEIGHT="114"
                    WC="0.9931112205845186"></String>
          </TextLine>
          <TextLine ID="line_33"
                    TAGREFS="LT8"
                    BASELINE="811 3727 3804 3727" 
                    HPOS="811"
                    VPOS="3640"
                    WIDTH="2993"
                    HEIGHT="126">
            <Shape><Polygon POINTS="811 3727 811 3766 3804 3755 3804 3727 3800 3640 811 3656 811 3727"/></Shape>
	    <String CONTENT="rain, &amp; d’induire les autres à faulte pareille. Le pays Lorrain eſtoit lors commandé"
                    HPOS="811"
                    VPOS="3640"
                    WIDTH="2993"
                    HEIGHT="126"
                    WC="0.9924642339695332"></String>
          </TextLine>
          <TextLine ID="eSc_line_eb20846d"
                    TAGREFS="LT8"
                    BASELINE="834 3837 894 3821 1134 3818 3800 3821" 
                    HPOS="827"
                    VPOS="3731"
                    WIDTH="2967"
                    HEIGHT="136">
            <Shape><Polygon POINTS="3782 3731 833 3731 833 3831 827 3867 3788 3867 3794 3819 3782 3731"/></Shape>
	    <String CONTENT=""
                    HPOS="827"
                    VPOS="3731"
                    WIDTH="2967"
                    HEIGHT="136"></String>
          </TextLine>
          <TextLine ID="eSc_line_c69d576a"
                    TAGREFS="LT8"
                    BASELINE="836 3930 929 3916 3804 3916" 
                    HPOS="827"
                    VPOS="3825"
                    WIDTH="2973"
                    HEIGHT="148">
            <Shape><Polygon POINTS="833 3926 833 3973 3794 3973 3800 3914 3788 3825 827 3831 833 3926"/></Shape>
	    <String CONTENT=""
                    HPOS="827"
                    VPOS="3825"
                    WIDTH="2973"
                    HEIGHT="148"></String>
          </TextLine>
          <TextLine ID="eSc_line_70f2349e"
                    TAGREFS="LT8"
                    BASELINE="839 4022 1303 4010 3792 4022" 
                    HPOS="827"
                    VPOS="3926"
                    WIDTH="2961"
                    HEIGHT="136">
            <Shape><Polygon POINTS="833 4008 833 4020 827 4062 3782 4062 3788 4020 3782 3932 886 3926 833 4008"/></Shape>
	    <String CONTENT=""
                    HPOS="827"
                    VPOS="3926"
                    WIDTH="2961"
                    HEIGHT="136"></String>
          </TextLine>
          <TextLine ID="eSc_line_e7c30505"
                    TAGREFS="LT8"
                    BASELINE="845 4112 3796 4105" 
                    HPOS="833"
                    VPOS="4026"
                    WIDTH="2961"
                    HEIGHT="142">
            <Shape><Polygon POINTS="839 4109 839 4156 3782 4168 3794 4103 3782 4026 833 4026 839 4109"/></Shape>
	    <String CONTENT=""
                    HPOS="833"
                    VPOS="4026"
                    WIDTH="2961"
                    HEIGHT="142"></String>
          </TextLine>
          <TextLine ID="eSc_line_183cf4c3"
                    TAGREFS="LT8"
                    BASELINE="822 4196 3796 4211" 
                    HPOS="815"
                    VPOS="4121"
                    WIDTH="2979"
                    HEIGHT="130">
            <Shape><Polygon POINTS="821 4191 815 4239 3782 4251 3794 4209 3794 4138 821 4121 821 4191"/></Shape>
	    <String CONTENT=""
                    HPOS="815"
                    VPOS="4121"
                    WIDTH="2979"
                    HEIGHT="130"></String>
          </TextLine>
          <TextLine ID="line_39"
                    TAGREFS="LT8"
                    BASELINE="819 4310 3792 4302" 
                    HPOS="815"
                    VPOS="4231"
                    WIDTH="2977"
                    HEIGHT="114">
            <Shape><Polygon POINTS="819 4310 819 4341 3784 4345 3792 4302 3784 4239 815 4231 819 4310"/></Shape>
	    <String CONTENT="Moſellane: &amp; de ceſtuy ſortit Matthieu premier du nom qu’il eut de Geltrude ſa fem¬"
                    HPOS="815"
                    VPOS="4231"
                    WIDTH="2977"
                    HEIGHT="114"
                    WC="0.9900911062596792"></String>
          </TextLine>
          <TextLine ID="line_40"
                    TAGREFS="LT8"
                    BASELINE="819 4408 3792 4400" 
                    HPOS="815"
                    VPOS="4313"
                    WIDTH="2977"
                    HEIGHT="134">
            <Shape><Polygon POINTS="819 4408 819 4447 3788 4435 3792 4400 3784 4333 2351 4313 2347 4313 2343 4313 2260 4333 996 4317 992 4317 815 4337 819 4408"/></Shape>
	    <String CONTENT="me, fille de Gerard Marquis de Saxe. Ce Matthieu eſpouſa Berthe fille de l’Empereur"
                    HPOS="815"
                    VPOS="4313"
                    WIDTH="2977"
                    HEIGHT="134"
                    WC="0.9901050171220159"></String>
          </TextLine>
          <TextLine ID="line_41"
                    TAGREFS="LT8"
                    BASELINE="823 4502 3792 4495" 
                    HPOS="819"
                    VPOS="4420"
                    WIDTH="2973"
                    HEIGHT="130">
            <Shape><Polygon POINTS="823 4502 823 4550 3788 4550 3792 4495 3780 4420 819 4420 823 4502"/></Shape>
	    <String CONTENT="Federic Barberouſſe de laquelle il eut Symon ſecond du nom Duc de Lorraine, &amp;"
                    HPOS="819"
                    VPOS="4420"
                    WIDTH="2973"
                    HEIGHT="130"
                    WC="0.9934504659144909"></String>
          </TextLine>
          <TextLine ID="line_42"
                    TAGREFS="LT8"
                    BASELINE="823 4601 3788 4589" 
                    HPOS="819"
                    VPOS="4522"
                    WIDTH="2969"
                    HEIGHT="122">
            <Shape><Polygon POINTS="823 4601 823 4644 3784 4636 3788 4589 3780 4530 819 4522 823 4601"/></Shape>
	    <String CONTENT="Federic lequel auſſi paruint au Duché: ainſi que dirons cy apres voulans continuer ce¬"
                    HPOS="819"
                    VPOS="4522"
                    WIDTH="2969"
                    HEIGHT="122"
                    WC="0.9941486435374994"></String>
          </TextLine>
          <TextLine ID="line_43"
                    TAGREFS="LT8"
                    BASELINE="819 4703 3788 4683" 
                    HPOS="815"
                    VPOS="4601"
                    WIDTH="2973"
                    HEIGHT="142">
            <Shape><Polygon POINTS="819 4703 819 4743 3784 4743 3788 4683 3780 4620 3217 4601 3213 4601 3209 4601 3170 4620 3158 4620 2733 4605 2729 4605 815 4632 819 4703"/></Shape>
	    <String CONTENT="ſte famille iuſques à noſtre temps, pour clorre la bouche à ceux qui taſchent la dent¬"
                    HPOS="815"
                    VPOS="4601"
                    WIDTH="2973"
                    HEIGHT="142"
                    WC="0.9822783713990991"></String>
          </TextLine>
          <TextLine ID="line_44"
                    TAGREFS="LT8"
                    BASELINE="819 4802 3788 4782" 
                    HPOS="815"
                    VPOS="4719"
                    WIDTH="2973"
                    HEIGHT="134">
            <Shape><Polygon POINTS="819 4802 819 4853 3784 4821 3788 4782 3780 4719 815 4719 819 4802"/></Shape>
	    <String CONTENT="grer, &amp; en la blaſmant, ils deshonorẽt la plus-part des illuſtres maiſons non de France"
                    HPOS="815"
                    VPOS="4719"
                    WIDTH="2973"
                    HEIGHT="134"
                    WC="0.9824875180016864"></String>
          </TextLine>
          <TextLine ID="line_45"
                    TAGREFS="LT8"
                    BASELINE="815 4892 3784 4884" 
                    HPOS="811"
                    VPOS="4821"
                    WIDTH="2973"
                    HEIGHT="107">
            <Shape><Polygon POINTS="815 4892 815 4928 3780 4924 3784 4884 3773 4821 811 4825 815 4892"/></Shape>
	    <String CONTENT="ſeulement, ains de toute l’Europe, auſquelles ceſte maiſon,a peu ſ&#x27;en faut eſté alliée:"
                    HPOS="811"
                    VPOS="4821"
                    WIDTH="2973"
                    HEIGHT="107"
                    WC="0.9977254512604703"></String>
          </TextLine>
          <TextLine ID="line_46"
                    TAGREFS="LT8"
                    BASELINE="819 4987 3784 4979" 
                    HPOS="815"
                    VPOS="4900"
                    WIDTH="2969"
                    HEIGHT="138">
            <Shape><Polygon POINTS="819 4987 819 5038 3780 5018 3784 4979 3776 4920 2319 4900 2315 4900 2311 4900 2307 4900 2284 4920 1079 4904 1075 4904 815 4924 819 4987"/></Shape>
	    <String CONTENT="comme auſſi ie pretends ne laiſſer pas vne maiſon illuſtre de ce Royaume, ſi on me"
                    HPOS="815"
                    VPOS="4900"
                    WIDTH="2969"
                    HEIGHT="138"
                    WC="0.9892940121452983"></String>
          </TextLine>
          <TextLine ID="line_47"
                    TAGREFS="LT8"
                    BASELINE="815 5089 3776 5077" 
                    HPOS="811"
                    VPOS="5010"
                    WIDTH="2965"
                    HEIGHT="146">
            <Shape><Polygon POINTS="815 5089 815 5140 1524 5132 1536 5140 1555 5156 1559 5156 1563 5156 1567 5156 1571 5156 1575 5156 1595 5140 1606 5128 1823 5128 1847 5136 1890 5152 1894 5152 1898 5152 2032 5136 2087 5128 2126 5132 2260 5156 2264 5156 2788 5136 3083 5152 3087 5152 3091 5152 3095 5152 3123 5132 3186 5152 3190 5152 3194 5152 3331 5132 3635 5152 3639 5152 3776 5116 3776 5077 3765 5010 811 5014 815 5089"/></Shape>
	    <String CONTENT="fait tant de faueur que de me communiquer les memoires &amp; inſtructions autenti¬"
                    HPOS="811"
                    VPOS="5010"
                    WIDTH="2965"
                    HEIGHT="146"
                    WC="0.9871723590753018"></String>
          </TextLine>
          <TextLine ID="line_48"
                    TAGREFS="LT8"
                    BASELINE="823 5191 1878 5175" 
                    HPOS="819"
                    VPOS="5101"
                    WIDTH="1059"
                    HEIGHT="208">
            <Shape><Polygon POINTS="823 5191 823 5309 1122 5309 1126 5309 1130 5309 1130 5305 1150 5286 1197 5238 1272 5266 1276 5266 1280 5266 1433 5231 1524 5254 1567 5266 1571 5266 1575 5266 1579 5266 1638 5246 1693 5227 1725 5238 1756 5246 1760 5246 1764 5246 1874 5223 1878 5175 1870 5101 1150 5101 1146 5101 1012 5120 1008 5120 882 5105 878 5105 874 5105 819 5124 823 5191"/></Shape>
	    <String CONTENT="ques, &amp; deuëment iuſtifiées."
                    HPOS="819"
                    VPOS="5101"
                    WIDTH="1059"
                    HEIGHT="208"
                    WC="0.981198650598526"></String>
          </TextLine>
        </TextBlock>
        <TextBlock HPOS="1686"
                   VPOS="510"
                   WIDTH="1315"
                   HEIGHT="125"
                   ID="block_0"
                   TAGREFS="BT18">
          <Shape><Polygon POINTS="3001 510 3001 635 1686 635 1686 510"/></Shape>
          <TextLine ID="line_0"
                    TAGREFS="LT10"
                    BASELINE="1646 590 2989 590" 
                    HPOS="1646"
                    VPOS="440"
                    WIDTH="1343"
                    HEIGHT="205">
            <Shape><Polygon POINTS="1646 617 1764 641 1768 641 1898 625 1929 621 2051 621 2059 625 2071 637 2071 641 2075 641 2079 641 2083 641 2087 641 2091 641 2111 629 2122 621 2146 629 2193 641 2197 641 2201 645 2378 645 2378 641 2382 641 2386 641 2394 633 2410 621 2985 641 2989 590 2985 440 2835 444 2831 444 2827 444 2760 488 2686 448 2662 440 2658 440 2536 440 2532 440 2528 440 2524 440 2504 456 2465 484 2288 464 2154 452 2150 452 2146 452 2142 452 2142 456 2122 472 2107 488 2075 472 2044 460 2040 460 2036 460 2032 460 1965 476 1921 488 1902 480 1847 456 1843 456 1839 456 1835 456 1831 456 1799 484 1792 492 1646 492 1646 590"/></Shape>
	    <String CONTENT="HISTOIRE DV ROY"
                    HPOS="1646"
                    VPOS="440"
                    WIDTH="1343"
                    HEIGHT="205"
                    WC="0.9997781872749328"></String>
          </TextLine>
        </TextBlock>
        <TextBlock HPOS="490"
                   VPOS="2008"
                   WIDTH="368"
                   HEIGHT="393"
                   ID="eSc_textblock_98188ec2"
                   TAGREFS="BT2523">
          <Shape><Polygon POINTS="490 2008 499 2401 853 2387 858 2008"/></Shape>
          <TextLine ID="line_16"
                    TAGREFS="LT8"
                    BASELINE="515 2105 833 2082" 
                    HPOS="502"
                    VPOS="1954"
                    WIDTH="325"
                    HEIGHT="195">
            <Shape><Polygon POINTS="514 2101 514 2149 815 2137 827 2084 827 2078 815 1971 502 1954 514 2101"/></Shape>
	    <String CONTENT="Quillauuς en noz Princes, oyons l’Eloge que Guillaume de Neubrige chante de ce Roy Louys"
                    HPOS="502"
                    VPOS="1954"
                    WIDTH="325"
                    HEIGHT="195"
                    WC="0.9883004626767202"></String>
          </TextLine>
          <TextLine ID="line_17"
                    TAGREFS="LT8"
                    BASELINE="508 2188 845 2175" 
                    HPOS="496"
                    VPOS="2101"
                    WIDTH="343"
                    HEIGHT="124">
            <Shape><Polygon POINTS="502 2184 502 2225 839 2219 839 2172 827 2101 555 2101 496 2101 502 2184"/></Shape>
	    <String CONTENT="de Neutrι- le Ieune, lors qu’il en paile en ceſte ſorte. L’an de l’enfantemẽt de la vierge mille cent"
                    HPOS="496"
                    VPOS="2101"
                    WIDTH="343"
                    HEIGHT="124"
                    WC="0.9732050036682802"></String>
          </TextLine>
          <TextLine ID="line_18"
                    TAGREFS="LT8"
                    BASELINE="519 2275 839 2271" 
                    HPOS="508"
                    VPOS="2196"
                    WIDTH="325"
                    HEIGHT="142">
            <Shape><Polygon POINTS="514 2273 514 2338 827 2320 833 2267 821 2196 508 2196 514 2273"/></Shape>
	    <String CONTENT="ge liure3. quattre vingts, qui eſtoit le vingt-ſeptieſme du regne de Henry Roy des Anglois, &amp; le"
                    HPOS="508"
                    VPOS="2196"
                    WIDTH="325"
                    HEIGHT="142"
                    WC="0.9856605548411608"></String>
          </TextLine>
          <TextLine ID="line_50"
                    TAGREFS="LT8"
                    BASELINE="515 2357 752 2357" 
                    HPOS="515"
                    VPOS="2306"
                    WIDTH="237"
                    HEIGHT="102">
            <Shape><Polygon POINTS="515 2357 515 2408 752 2381 752 2357 752 2306 515 2306 515 2357"/></Shape>
	    <String CONTENT="ch.4."
                    HPOS="515"
                    VPOS="2306"
                    WIDTH="237"
                    HEIGHT="102"
                    WC="0.9996282815933227"></String>
          </TextLine>
        </TextBlock>
        <TextBlock HPOS="495"
                   VPOS="2377"
                   WIDTH="340"
                   HEIGHT="359"
                   ID="eSc_textblock_b34e55af"
                   TAGREFS="BT2523">
          <Shape><Polygon POINTS="495 2736 495 2377 835 2377 835 2736"/></Shape>
          <TextLine ID="line_20"
                    TAGREFS="LT8"
                    BASELINE="519 2436 842 2439" 
                    HPOS="508"
                    VPOS="2355"
                    WIDTH="331"
                    HEIGHT="130">
            <Shape><Polygon POINTS="809 2361 803 2355 709 2355 691 2361 632 2361 573 2361 514 2361 514 2432 508 2479 827 2485 839 2438 833 2426 809 2361"/></Shape>
	    <String CONTENT="Quelles les mõde,Prince d’vne deuotiõ enuers Dieu nõ iamais tiede ny refroidie, &amp; d’vne grãde"
                    HPOS="508"
                    VPOS="2355"
                    WIDTH="331"
                    HEIGHT="130"
                    WC="0.9907986595458591"></String>
          </TextLine>
          <TextLine ID="line_21"
                    TAGREFS="LT8"
                    BASELINE="519 2523 791 2523 836 2539" 
                    HPOS="508"
                    VPOS="2450"
                    WIDTH="325"
                    HEIGHT="112">
            <Shape><Polygon POINTS="514 2521 508 2562 827 2556 833 2538 833 2450 514 2450 514 2521"/></Shape>
	    <String CONTENT="Anglois dõ &amp; rare douceur, &amp; mãſuetude enuers ſes ſuiets, &amp; hônorãt les choſes ſaintes, &amp; les mi¬"
                    HPOS="508"
                    VPOS="2450"
                    WIDTH="325"
                    HEIGHT="112"
                    WC="0.9886804742388206"></String>
          </TextLine>
          <TextLine ID="line_51"
                    TAGREFS="LT8"
                    BASELINE="519 2605 811 2597" 
                    HPOS="515"
                    VPOS="2550"
                    WIDTH="296"
                    HEIGHT="110">
            <Shape><Polygon POINTS="519 2605 519 2637 807 2660 811 2597 803 2550 515 2550 519 2605"/></Shape>
	    <String CONTENT="nẽt à Leuy."
                    HPOS="515"
                    VPOS="2550"
                    WIDTH="296"
                    HEIGHT="110"
                    WC="0.973092794418335"></String>
          </TextLine>
          <TextLine ID="line_52"
                    TAGREFS="LT8"
                    BASELINE="515 2692 771 2676" 
                    HPOS="512"
                    VPOS="2613"
                    WIDTH="259"
                    HEIGHT="134">
            <Shape><Polygon POINTS="515 2692 515 2747 771 2731 771 2676 764 2621 555 2613 551 2613 547 2613 512 2629 515 2692"/></Shape>
	    <String CONTENT="le Ieune."
                    HPOS="512"
                    VPOS="2613"
                    WIDTH="259"
                    HEIGHT="134"
                    WC="0.9953550630145602"></String>
          </TextLine>
        </TextBlock>
        <TextBlock HPOS="495"
                   VPOS="2727"
                   WIDTH="345"
                   HEIGHT="428"
                   ID="block_3"
                   TAGREFS="BT2523">
          <Shape><Polygon POINTS="840 2731 840 3155 495 3155 504 2727"/></Shape>
          <TextLine ID="line_23"
                    TAGREFS="LT8"
                    BASELINE="551 2767 836 2754" 
                    HPOS="543"
                    VPOS="2680"
                    WIDTH="290"
                    HEIGHT="124">
            <Shape><Polygon POINTS="549 2763 549 2804 833 2798 833 2751 815 2680 543 2692 549 2763"/></Shape>
	    <String CONTENT="Εα qυοy conuenoit à vn ſi grand Prince, veu que (cõme dit l’Apoſtre)les propos diſſolus gaſtét"
                    HPOS="543"
                    VPOS="2680"
                    WIDTH="290"
                    HEIGHT="124"
                    WC="0.9699852786113307"></String>
          </TextLine>
          <TextLine ID="line_24"
                    TAGREFS="LT8"
                    BASELINE="515 2849 828 2848" 
                    HPOS="514"
                    VPOS="2757"
                    WIDTH="313"
                    HEIGHT="153">
            <Shape><Polygon POINTS="573 2763 567 2757 514 2757 514 2845 514 2910 827 2887 827 2845 827 2774 614 2763 573 2763"/></Shape>
	    <String CONTENT="l&#x27;anglοις les bonnes mœurs en l’homme, &amp; qu’il cela la verité bien ſouuent és choſes meſmes"
                    HPOS="514"
                    VPOS="2757"
                    WIDTH="313"
                    HEIGHT="153"
                    WC="0.9965655181997566"></String>
          </TextLine>
          <TextLine ID="line_53"
                    TAGREFS="LT8"
                    BASELINE="515 2932 748 2940" 
                    HPOS="512"
                    VPOS="2869"
                    WIDTH="236"
                    HEIGHT="122">
            <Shape><Polygon POINTS="515 2932 512 2971 618 2991 622 2991 744 2967 748 2940 744 2889 515 2869 515 2932"/></Shape>
	    <String CONTENT="blaſme"
                    HPOS="512"
                    VPOS="2869"
                    WIDTH="236"
                    HEIGHT="122"
                    WC="0.9948526422182719"></String>
          </TextLine>
          <TextLine ID="line_26"
                    TAGREFS="LT8"
                    BASELINE="515 3018 830 3021" 
                    HPOS="514"
                    VPOS="2940"
                    WIDTH="313"
                    HEIGHT="147">
            <Shape><Polygon POINTS="809 2940 514 2940 514 3017 514 3087 573 3087 827 3087 827 3017 827 3011 809 2940"/></Shape>
	    <String CONTENT="Lοuyς le raiſon à quelques grans Seigneurs leſquels ne ſe ſoucioyent guere, ny de l’equité, ny"
                    HPOS="514"
                    VPOS="2940"
                    WIDTH="313"
                    HEIGHT="147"
                    WC="0.9925630117456118"></String>
          </TextLine>
          <TextLine ID="line_54"
                    TAGREFS="LT8"
                    BASELINE="515 3097 724 3109" 
                    HPOS="512"
                    VPOS="3042"
                    WIDTH="212"
                    HEIGHT="126">
            <Shape><Polygon POINTS="515 3097 512 3168 720 3164 724 3109 724 3042 515 3042 515 3097"/></Shape>
	    <String CONTENT="Ieune."
                    HPOS="512"
                    VPOS="3042"
                    WIDTH="212"
                    HEIGHT="126"
                    WC="0.98904616634051"></String>
          </TextLine>
        </TextBlock>
        <TextBlock HPOS="504"
                   VPOS="3799"
                   WIDTH="333"
                   HEIGHT="451"
                   ID="eSc_textblock_a41a31a8"
                   TAGREFS="BT2523">
          <Shape><Polygon POINTS="504 3799 504 4250 837 4250 837 3799"/></Shape>
          <TextLine ID="line_34"
                    TAGREFS="LT8"
                    BASELINE="519 3861 771 3853 833 3837" 
                    HPOS="508"
                    VPOS="3743"
                    WIDTH="319"
                    HEIGHT="171">
            <Shape><Polygon POINTS="514 3855 514 3914 827 3890 827 3831 797 3743 508 3766 514 3855"/></Shape>
	    <String CONTENT="tασε dεσ, par Symon deuxieſme du nõ iſſu du ſang de Godeffroy de Buillõ en ceſte ſorte: Gul¬"
                    HPOS="508"
                    VPOS="3743"
                    WIDTH="319"
                    HEIGHT="171"
                    WC="0.974114957959094"></String>
          </TextLine>
          <TextLine ID="line_35"
                    TAGREFS="LT8"
                    BASELINE="519 3943 764 3940 833 3930" 
                    HPOS="508"
                    VPOS="3861"
                    WIDTH="319"
                    HEIGHT="130">
            <Shape><Polygon POINTS="514 3938 514 3979 815 3991 827 3926 809 3861 508 3861 514 3938"/></Shape>
	    <String CONTENT="deffrey de laume Baron de Iaynuille frere du Roy Godeffroy de Buillon eſtant gouuerneur de"
                    HPOS="508"
                    VPOS="3861"
                    WIDTH="319"
                    HEIGHT="130"
                    WC="0.9899813108974033"></String>
          </TextLine>
          <TextLine ID="line_36"
                    TAGREFS="LT8"
                    BASELINE="515 4030 836 4022" 
                    HPOS="508"
                    VPOS="3938"
                    WIDTH="325"
                    HEIGHT="141">
            <Shape><Polygon POINTS="803 3943 661 3943 626 3943 567 3943 508 3938 514 4026 514 4079 833 4062 833 4020 827 4014 803 3943"/></Shape>
	    <String CONTENT="Puillen cõ-Lorraine, laiſſa apres le decez de ſes freres le Duché à ſon fils Theodoric ou Thierry,"
                    HPOS="508"
                    VPOS="3938"
                    WIDTH="325"
                    HEIGHT="141"
                    WC="0.9827119772977168"></String>
          </TextLine>
          <TextLine ID="line_37"
                    TAGREFS="LT8"
                    BASELINE="519 4113 828 4112" 
                    HPOS="514"
                    VPOS="4038"
                    WIDTH="313"
                    HEIGHT="130">
            <Shape><Polygon POINTS="514 4109 514 4168 827 4162 827 4109 827 4038 514 4038 514 4109"/></Shape>
	    <String CONTENT="tinuée en contre lequel le querella Henry de Lembourg &amp; depuis Godeffroy de Louuain: à ce"
                    HPOS="514"
                    VPOS="4038"
                    WIDTH="313"
                    HEIGHT="130"
                    WC="0.9914253982868824"></String>
          </TextLine>
          <TextLine ID="line_38"
                    TAGREFS="LT8"
                    BASELINE="519 4195 819 4196" 
                    HPOS="514"
                    VPOS="4121"
                    WIDTH="301"
                    HEIGHT="183">
            <Shape><Polygon POINTS="514 4191 514 4292 809 4304 815 4191 815 4121 514 4121 514 4191"/></Shape>
	    <String CONTENT="Lorraine. Thierry ſucceda Symon premier de ce nom ſon fils, &amp; Berthe fille de Symon Duc de"
                    HPOS="514"
                    VPOS="4121"
                    WIDTH="301"
                    HEIGHT="183"
                    WC="0.992108941078186"></String>
          </TextLine>
        </TextBlock>
        <TextBlock HPOS="3469"
                   VPOS="5314"
                   WIDTH="310"
                   HEIGHT="157"
                   ID="block_6"
                   TAGREFS="BT17">
          <Shape><Polygon POINTS="3779 5314 3779 5471 3469 5471 3469 5314"/></Shape>
          <TextLine ID="line_55"
                    TAGREFS="LT8"
                    BASELINE="3481 5404 3776 5392" 
                    HPOS="3473"
                    VPOS="5282"
                    WIDTH="303"
                    HEIGHT="236">
            <Shape><Polygon POINTS="3481 5404 3485 5518 3776 5498 3776 5392 3765 5282 3473 5313 3481 5404"/></Shape>
	    <String CONTENT="Ducon¬"
                    HPOS="3473"
                    VPOS="5282"
                    WIDTH="303"
                    HEIGHT="236"
                    WC="0.9460438191890717"></String>
          </TextLine>
        </TextBlock>
      </PrintSpace>
    </Page>
  </Layout>
</alto>
