1912 2629
388 245 257 58 PREMIER.

1044 243 48 100 25

35 295 996 74 tre Gouuerneur ſur les Africains) ſe voyans preſſez

35 354 996 68 d’ailleurs par les Viſigots, menerent ſous la charge

36 404 996 63 de Gontran & Geuſerich, enuiron l’an ſept cents &

35 474 996 41 vingt, pres de nuit cents mir qu'nommes, que iehi¬

36 499 993 58 mes, ieunes & vieux, à la conqueſte & piteuſe ruine

39 547 992 57 d’Afrique. Depuis ce partement, les Gots y comman¬

39 594 992 58 derent par la permiſſion des Empereurs, iuſques à

39 641 990 60 Roderich: à la mort duquel, & ruine de tous les ſiens:

40 687 992 65 Ie Cõte Iulian pour ſe venger de la force qu’il auoit

39 736 992 70 fait à ſa fille, nommee La Caua, emmena d’Afrique

43 793 993 52 Ie reſte des Vandels, Maures, Africains, & Sarraſins L'Espagne

45 832 993 61 ſous la conduite de Muze: & auoir tué plus de ſept par qui ao

45 882 981 58 cents mil hommes en diuerſes rencontres, s’aſſuiet¬

46 933 991 57 tirent toute l’Eſpagne, où ils dreſſerẽt les Royaumes la diuerſi¬

48 981 996 60 de Grenade, Valence, Portugal, Tolede, Cordube, & té des reli

48 1028 989 55 autres. Le reſte des Chreſtiens (race Gotique) ſe re¬

49 1076 983 61 tira pour euiter l’inſupportable fureur de ces Barba¬

49 1126 988 62 res és monts d’Aragon, és cartiers nommez Canta¬

48 1171 990 58 brie & Aſturie: deſquels Pelage eſleu Roy, laiſſa le ti¬

51 1222 984 63 tre de Got, & continua la guerre contre les Maures,

52 1267 989 56 mais trop variablement pour luy: ſi q̃ ſes ſucceſſeurs

54 1317 985 54 furent neceſſitez de mandier le ſecours François des

54 1365 987 57 Rois Pepin, Charlemagne, Loys, & pluſieurs autres

55 1415 987 55 qui leur aiderent, en ſorte que peu à peu (afin que ie

55 1462 989 56 me taiſe de ces fables Françoiſes ) ils reconquirent

55 1508 989 63 Ies pays perdus: leſquels ils dreſſerent en forme de

56 1556 988 54 Gouuernemẽs, dontdepuis ils ont fait royaumes, les

59 1606 985 57 nommans du nom des retraittes, & fortereſſes: ſous

61 1654 981 62 Ia faueur deſquelles ils les auoyent gagnez. Cõme,

59 1701 988 57 de la ville de Leon ou Legion, le Royaume de Leon:

61 1752 989 53 de Tarracone, Aragon: de Barcimone, Barcelone: du

62 1800 988 57 chaſteau que dreſſa Pelage ( ſoudain qu’il eut prins

62 1847 989 56 Leon) contre les courſes Moreſques, Caſtille. Puis

61 1898 993 53 ſont venus les royaumes de Nauarre, Galice, Portu¬

64 1942 990 64 gal, Tolede, Valence, Cordube & Grenade, apres que

64 1992 990 60 les Mores furent contrains faire ioug à tous ces Cõ¬

65 2044 988 108 tes & Rois Chreſtiens, qui chacun en ſon cartier leur

1047 869 159 51 tee & ha¬

1045 912 160 46 bitee, auec

1047 1023 160 53 gions qui y

1050 1057 157 50 ont eſſé in¬

1047 1098 149 67 troduites.
