1192 1885
472 35 306 56 EPISTRE.

235 80 792 79 entendu, plus que practiqué les effects

234 150 791 76 de l’ingratitude: ie vous deuois offrirle

233 218 793 79 Diſcours, des plus notables accidens, que

232 293 795 67 i’auois remarqué au cours de la guerre

230 350 798 78 de Sauoye. Voſtre affection à l’hiſtoire, le

229 420 800 82 plus louable exercice des Grands, m'a eſté

230 486 799 81 l’autre motif, à le vous preſenter. Et auſ¬

231 558 798 78 ſi, que vous pourrez porter d’autant plus

230 623 800 80 fidelle teſmoignage à la verité, qu'auec

229 695 800 74 l'honneur & reputation, vous auez ac¬

232 757 797 81 quis l’amitié de tous, és diuerſes charges

232 830 798 76 que vous y auez heureuſement executé:

229 897 797 75 merite, que ie ne puis, que ie ne dois, &

229 963 802 73 ne veux taire, ni deſguiſer: car onſçait

228 1029 803 76 que le but de l’hiſtoire eſt de profiter, non

228 1098 803 74 de plaire ſeulement. Ce qu’on ne peut

226 1164 804 76 mieux faire, qu’au recit des beaux effects

226 1233 804 72 de la vertu, & n’y a gueres moins de

226 1296 803 75 faute à les celer, qu’à leur donner autre

224 1360 799 80 couleur que la naturelle. Si que l’hiſto¬

221 1430 807 79 rien doit fuir la flatterie, autant que ſe

221 1500 803 76 plaire de mettre la vertu en ſon iour: &

219 1566 808 85 ores que aucuns en vouluſſent calomnier

914 1631 109 70 le re¬
