1192 1885
227 109 79 54 132

422 86 417 74 Hiſtoire de la guerre

582 189 104 34 III.

275 213 755 89 Et outre a eſté accordé, que ledit

230 287 802 84 ſieur Duc, cede auſſi, tranſporte

231 355 799 82 & delaiſſe audict Sieur Roy, de de¬

232 424 800 80 là la riuiere du Roſne, les lieux, ter¬

233 491 805 82 res & villages Dayre, Chauſſy, Põt

234 555 802 86 Darle, Seyſſel, Chaua & P. Chaſtel,

234 626 801 80 auec la ſouueraineté, Iuſtice, Sei¬

237 695 802 85 gneurie & tous droicts qu’il peut

234 760 805 78 auoir eſdicts lieux cedez, & ſur les

234 835 801 75 habitans d’iceux, ſans y compren¬

235 897 797 79 dre le ſurplus des mandemens deſ¬

238 968 681 76 dits lieux & de leur territoire.

588 1039 101 63 IV.

306 1100 736 79 Ledict Duc, cede & tranſporte

241 1166 798 83 & delaiſſe audit Sieur Roy, la Barõ¬

239 1237 800 79 nie, ou Bailliage de Getz, auec tou¬

241 1304 799 79 tes ſes appartenances & dependan¬

241 1370 803 81 ces, ainſi que ledict Sieur Duc, &

240 1439 804 80 ſes predeceſſeurs en ont ci deuant

239 1506 797 76 iouï, & ſans y rien reſeruer ni rete.

239 1567 800 92 nir, ſinon ce qui eſt de delà le Roſ¬

970 1642 74 73 ne,
