1229 2107
332 78 83 57 632

452 83 612 63 QVATRIESME LIVRE

326 147 812 44 pourentre amit efpars que pour les batailles qu’ils s'en¬

323 173 815 61 tredonnerent. Lors le deſeſpoir contraignit les plus foi

322 209 817 66 bles d’appeller les eſtrangers à leur ſecours:ce qui futle

321 249 814 61 moien de faire venir les Turcs, leſquels apres auoir eſté

318 289 817 59 à la ſolde du Sultan de Perſe contre le Caliphe de Bal¬

318 326 813 66 dac ou de Babilone ruinerent puis apres ces deux grãds

313 365 815 64 ſeigneurs, & eſtablirent leur roiaume depuis Perſe dans

312 405 816 60 le roiaume de Pont & les montagnes d’Armenie iuſ¬

312 444 813 61 ques à l’Helleſpont, & delà par toute l’Aſie anterieure

311 481 810 59 iuſques à la Syrie. Voila comme decheut le roiaume des

311 519 812 62 Saraſins en Aſie, tellement que toute leur puiſſance fut

311 564 812 56 diſſipee & abolie par leurs propres armes & non par cel

310 599 811 62 les d’autrui. Or les Princes qui firent le voiage en la ter¬

308 636 812 65 re ſaincte pour recouurer le païs & dreſſer vn roiaume

306 673 810 66 de Ieruſalem, furent les premiers qui raclerẽt les Turcs,

308 717 809 57 qui puis apres furent deſpouillez de tout le roiaume de

306 753 811 62 l’Aſie par les Tartares que les Armeniẽs appellerent à

306 797 809 57 leur ſecours. Mais quelque temps apres les Turcs ſe ral

304 831 807 60 lierent, chaſſerent les Tartares, redreſſerẽt leur eſtat plus

305 869 809 65 fort que deuant, cõme il ſera dit ci apres, & engl outirẽt

305 909 729 60 finalement tous les autres excepté celui de Perſe.

340 954 774 52 CE pendant les Henetiens & Sarmates ſe ietterent

301 987 810 61 dans l’Europe en fort grand nombre vers le Danube &

298 1025 812 63 l’Helleſpont au Septentrion, d’où ils ne ceſſerẽt de cou

298 1072 812 51 rir en Thrace, Myſie, Epire, & roderent par toute la Ma

298 1115 815 49 cedone. Les premiers d’entre eux ſe nommerent Bul¬

297 1148 812 55 gaires: ie penſe que c’eſt à cauſe d’vn grand fleuue de

297 1183 811 55 Moſcouie nommé Vvolga, que les anciens appelloient

294 1225 813 52 Rha, renommé à cauſe de la plante nommee Rhapon¬

294 1258 809 63 tique, & qui ſort des mareſts de Moſcouie, aſſez pres de

294 1299 809 57 la ville qui porte le meſme nom, puis ſe va rendre en la

289 1339 814 55 mer Caſpie. La premiere mention des Bulgaires ſe trou¬

289 1377 813 58 ue en l’hiſtoire de Conſtantin le Barbu, enuiron ſix cẽs

287 1415 814 55 quatre vingts ans apres la naiſſance de Chriſt. Apres ſe

287 1453 813 61 eſtre iettez dedans la baſſe Myſie ils contraignirent les

284 1493 816 57 Empereurs Grecs, rompus & laſſez de courſes & pille¬

282 1532 816 56 ries continuelles, d’accepter les conditiõs de paix que

283 1575 815 53 ce peuple voulut demãder. Les Roſſiens qui marcherẽt

282 1610 813 56 apres les Bulgaires, laiſſerent leur nom au païs où les

284 1646 810 71 Triballes auoieut demeuré autresfois, & qui eſt vne
