2811 4025
1160 187 490 139 Pierre, Eſcriuain.

2135 201 128 132 206

507 290 1740 125 Seſt la parole de Dieu, & ne dy rien cõtre celle. D. Cõment fauez voueque ce que vous

505 377 1740 90 maintenez, c’eſt parolle de Dieu?R.Par ce que tout ce q̃ ie dy eſt conforme à la doctrine

507 433 1738 90 des Prophetes, Apoſt. & de Ieſus Chriſt: & par le S.Eſprit qui m’aſſeure que c’eſt la parol

505 489 1735 81 le de Dieu, & ie le croy ainſi. Dauantage, vous auezveu, monſieur, qu’on ne me peut pas

505 541 1742 94 monſtrer du contraire, ne conuaincre que ce que ie dy ne ſoit la verité. Car ces iours paſ

503 599 1739 91 ſez vous viſtes que celuy qui diſputoit contre moy, fut vaincu parlant du S. Sacrement,

503 659 1742 83 & de pluſieurs autres poincts. D. Vous niez le S. Sacrement. R. Non fay pas, monſieur:

505 706 1737 94 ains le croy ainſi que Ieſus Chriſt l’a ordonné, & ainſi que S. Auguſtin l’explique ſur S.

505 760 1737 91 Iean. Or voyant que ledit Official eſtoit accouſtré autrement qu’il n’auoit de couſtume,

503 813 1737 94 ioinct auſſi qu’il m’auoit tenu tels propos, ie penſay qu’il me vouloit declarer heretique,

498 869 1744 99 & qu’en bref nous ſerions deſpeſchez. Ie dy alors, Monſieur, on nous a prins en paſſant

503 923 1737 89 noſtre chemin ſans inquiſitions, & ſans auoir rien fait contre les edicts du Roy. Vous

500 979 1738 85 nousauez interrogué de noſtre foy, & nous vous auons reſpondu par la parolle de Dieu.

500 1035 1738 94 Il eſt bien permis à vn Turc & à vn Iuif de rendre raiſon de leur foy, & doctrine, s’ils ſont

500 1091 1736 89 interroguez, ſans aucũ danger de leur vie. Pourquoy ne nous doit-il eſtre permis, à nous

500 1149 1731 92 auſſi qui ne diſons rien que ce qui eſt contenu en la Parolle? Nous ſauons biẽ, mõſieur, q̃

496 1198 1740 96 nous ne ſõmes pas tombez entre vos mains à l’auẽture: mais par la puidence & vouloir

496 1252 1738 98 de Dieu. Vous eſtes auſſi ordonné de Dieu pour eſtre iuge de noſtrecauſe, qui eſt bon¬

496 1308 1738 94 ne & iuſte. Parquoy regardez maintenant cõment vous iugerez. Car ſi vous iugez mal,

494 1359 1740 98 ily a vn autre iuge par-deſſus vous qui en cognoiſtra & iugera ſelon equité: deuant le¬

496 1415 1731 98 quel faudra que vous veniez quelque fois pour ouyr ſentence contre vous, ſi vous con¬

498 1475 1728 89 damnez ſa ſaincte parole. Or cependant que ie diſoye ces choſes d’vn grand zele & ve-tourment

498 1522 1727 99 hemence, ce poure mal-heureux ſe pourmenoit eſtant tout eſtonné & effrayé, tellemẽt qu'ont les

498 1578 1736 104 qu’il ne pouuoit reſpondre vn ſeul mot. Auparauant il auoit vn viſage riant quand il tondamoĩt

498 1632 1728 103 m’interroguoit: mais alors il eſtoit triſte & paſle, ne ſe pouuant arreſter en vn lieu. Quãd la verité.

496 1688 1726 100 ie luy propoſoye le iugement de Dieu deuant, il ne diſoit rien, & ſi ne ſauoit ſortir de

496 1748 1735 96 deuant moy: & cependant le Seigneur foudroyoit ſur ſa teſte, & me faiſoit parler d’vn

494 1795 1735 107 zele & hardieſſe la plus grande que iamais. Or apres auoir parlé long temps, il me dit en

494 1851 1735 105 s’en allant, Il faut bien maintenir la parolle de Dieu. Apres auoir dit cela, le Geolier me

494 1902 1735 110 remit au croton. Vn quart d’heure apres, on me vint querir pour m’amener au parqt de

496 1961 1733 105 uant les Officiaux & pluſieurs autres, là où il y auoit vne grande multitude de gens. E¬

494 2012 1733 110 ſtant donc arriué au lieu, l’official Buatier commença à lire & pronõcer ma ſentẽce; me

496 2077 1738 104 condamnant heretique & ſchiſmatique. Alors ie dy, l'appele de voſtre ſentence com- Aopel com

496 2131 1730 104 me d’abus. L’Official me dit, Pourquoy en appelez-vous? maintenant vous ne parliez me d’abu¬

500 2177 1722 112 pas ainſi. R. Monſieur, en ma confeſſion ie parle contre les abus, & non pas contre la pa¬

496 2231 1724 107 rolle de Dieu. Parquoy i’en appelle comme d’abus. Or apres la ſentence & noſtre dit ap

498 2285 1727 112 pel, ils cuiderẽt enrager de grãde ire & fureur. Et l'official Buatier, vicaire general de l'¬

498 2338 1729 115 archeueſque de Lyon, apres nous auoir condamnez s’en retourna en ſa ma maiſon trẽ¬

496 2390 1729 112 blant, ainſi qu’il nous a eſté dit par vn homme de bien qui levid: & en parlant de noſtre

500 2448 1722 112 appel, il eſtoit tout troublé. (Eſtant donc arriué en ſa maiſon tout eſtonné, voicy venir

503 2502 1722 112 vne demie heure apres, le iuge Melier, qui ſe diſoit eſtre enuoyé par le lieutenant du

500 2560 1725 107 Roy: lequel dit, Monſieur le Lieutenant m’enuoye icy pour faire remuer ces Lutheriẽs

496 2616 1729 107 & les amener à Rouanne, afin qu’ils ſoyent deſpeſchez demain. Auquel l’Official fit reſ

500 2667 1725 116 ponſe qu’il n’en ſeroit rien, pource qu’auions appelé comme d’abus: & que noſtre appel

498 2728 1727 109 ſeroit receu. Adonc ce lion cria, Comment? vous ne voulez pas donc faire iuſtice de ces

498 2772 1724 112 meſchans heretiques! L’Official reſpondit, Si fay: mais premierement i’en veux conſul¬

498 2830 1724 114 ter, & en eſcrire à Paris, pour ſauoir ſi leur appel aura lieu. ils ſeront auſſi bons entre-cy

498 2880 1724 120 & vn mois que maintenant. Voila comment Dieu nous à defendus par celuy qui nous

500 2940 1715 114 auoit condamnez vn peu deuãt: & a fait que ce lion nous a eſté paſteur pour vn temps, Que tous

500 2991 1709 117 pour nous defendre contre la rage des autres lions. Vn loup rauiſſant, contre ſa nature

505 3045 1712 118 a gardé que les poures brebis n’ont eſté deuorees par autres loups. En quoy Dieu a mõ-cecy, & ce

500 3101 1716 118 ſtré ſa main forte & puiſſante, qui a eſté certes vne œuure de Dieu grande & ad mirable qui ſuit.

503 3159 1715 112 deuant nos yeux, pour nous aſſeurer touſiours en ces promeſſes, & en ſa bonté & miſe¬

503 3208 1717 112 ricorde, voyans le grand ſoln qu’il a touſiours de ceux qui eſperent en luy, ſachans auſ¬

500 3260 1722 116 ſi que quand nous ſerons ſous ſa garde & ſous ſa main, le diable ne toute la puiſſance du

500 3316 1722 120 monde ne nous pourra nuire aucunement: non pas meſmes nous oſter vn petit poil de

503 3372 1710 140 noſtre teſte. Dequoy nous luy deuons rendre graces & louanges, magnifians & glorifias

1965 3474 159 106 M. iiii.

2231 1596 134 52 iuges en

2229 3034 141 54 enfans de

2227 3067 159 61 Dieu notẽt
