1484 2071
452 133 170 70 Aoult 1557.

877 143 221 66 HISTOIRE

589 192 779 64 Vrſin aſſez de pelle à les contenter de leur olter tene

586 232 724 60 mauuaiſe impreſſion conceue contre les François.

622 273 744 59 Le Duc de Guyſe en ſomme voyant que de toutes

586 308 779 62 pars on luy manquoit d’effects à tant de riches promeſ¬

584 347 779 61 ſes, que l’on auoit fait à ſon maiſtre & confirmee à luy

582 387 782 57 meſme depuis ſon entree és Italies. Ioint que les forces

583 421 780 64 du Duc Eſpagnol, commençoientà groſſir & croiſtre de

582 462 781 59 courage par les auertiſſemens des neceſſitez Françoiſes:

584 497 777 64 deuant que les ſiennes diminuaſſent & que l’auantage

583 538 777 60 ne tournaſt euidemment ailleurs: reſolut de ſe mettre

583 572 778 66 au hazard d’vne iournee. Partant ſe voyant aſſez pres

583 612 777 62 du camp du Duc d’Alue, luy preſenta la bataille entre

582 648 776 65 Fermy & Aſcoli. A quoy ne voulut entendre l’Eſpa¬

583 686 774 67 gnol:ſoit qu’il ſe ſentiſt tropfoible, ou qu’il penſaſt qu’é

582 727 775 63 delayant il pourroit auoir raiſon de l’armee Françoi¬

577 765 779 62 ſe. Cependant le roy Philippe n’euſt pluſtoſt fait paroi¬

577 805 780 54 ſtre l’auantage de ſon armee en Picardie: que le Roy mã

577 842 778 57 da au Duc de Guyſe qu’il euſt à ſe retirer. Lequel voiant

579 877 774 59 que tout le faix de la guerre tõboit ſur les bras du Roy,

576 922 777 57 & que tant s’en falloit que le Pape fourniſt les vint mille

577 956 775 59 hommes qu’il auoit promis par ſon legat: qu’il n’auoit

573 995 779 55 moyen d’en payer ſix mil, ne de ſubueniſt au quart des

569 1030 781 60 frais de l’armee: ioint que le Ferrarois eſtoit ſi eſlongnés

569 1068 783 64 de ſecourir ny le Pape ny le Roy, qu’il falloit que le Duc

568 1107 782 63 de Guiſe l’aidaſt d’vne partie de ſes gens: craignant

568 1147 783 59 d’ailleurs que le Pape ne fiſt la paix ſans y comprendre

569 1185 781 55 le Roy, conclud à retourner en Frãce. Mais le Pape crain

568 1223 781 58 te de demeurer ſeul & qu’apres il fuſt contraint d’accor

564 1300 784 55 ne iamais accorder ſans l’auis & conſentemẽt du Roy.

564 1336 785 59 Et que pour aſſeurance il enuoyeroit ſon fils, le Duc de

562 1379 784 56 Palliaue, pour oſtage en France. Si bien que ceſte pro¬

562 1412 784 59 meſſe ſi large retint encor les François pendant le

564 1449 782 61 vain ſeiour deſquels, ſuruint la defaicte de Sainct Quen

560 1488 788 60 tin en Vermandois: laquelle ſceuë à Rome, eſtonna ſi

560 1525 786 59 fort le Pape, que ſe voiant hors d’eſpoir d’auoir

560 1567 789 56 ſecours de France: il ſe reſolut de ſuiure le conſeil de

562 1607 788 53 pluſieurs Cardinaux qui le ſolicitoient de pacifier auec

546 1717 802 75 ſeulement de foreer le Pape à la paix qu’il ſcauoit eſtre

1249 1759 102 77 defiree

428 1171 131 77 Le P.p.n

429 1235 132 45 tient le Duc

431 1264 134 53 de Guyſe. der à la volonté & diſcretion de l’Eſpagnol: luy iura de

421 1640 144 55 Due d'At. l’Eſpagnol. Lequel ce pendant deliberoit de replanter le

420 1685 142 51 ue deuaunt ſiege deuant Rome. Non qu’il eſperaſt la prendre: mais

425 1722 116 59 Romee.
