4096 5600
1098 252 551 205 M.D.LXIX.

2617 258 470 137 LIVRE

1621 351 2316 205 Iieu, la Nouë commenda à d’autres compagnies de paſ¬

1624 507 2307 165 ſer les mareſcs & canaux, & y combatre aux peril &

1627 612 2307 159 fortune de qu’il appartiendroit: tant pour empeſcher

1630 728 2301 155 le ſecours à ceux de Beaulieu: que pour ſe moyenner

1634 830 2300 174 Ia priſe d’vne autre, & de toutes ſ’il pouuoit. Mais ceux

1637 939 2294 171 cy ſalüez par ces harquebuziers proteſtans ne reſpon¬

1637 1054 2290 153 doient qu’à coups de courciers, couleurines, & har¬

1637 1169 2294 162 quebuzades. L’eſcarmouche fut ſi chaude neantmoins

1634 1272 2300 159 de la part des aſſaillans, & ſi viuement repriſe pour le

1634 1387 2297 168 grand nombre qu’ils eſtoient, que ſans les paueſades

1630 1493 2307 159 des ſtrapontins & autres matieres dont ils ſe targeoiẽt

1630 1605 2297 168 ſur la rambade des vaiſſeaux: ioint les foſſez & canaux,

1640 1717 2294 171 qui pour eſtre pleins d’eaux & de vaſe, alentiſſoient la

1640 1823 2297 180 promptitude & chaude volonté des ſoldats: ils euſſent

1643 1947 2291 162 reçeu plus grand perte: crainte de laquelle de General

1649 2050 2282 168 des galleres, voyant d’ailleurs ſon entrepriſe deſcou¬

1646 2165 2291 155 uerte, empeſchee, & faillie: fiſt tant à force de rames,

1649 2280 2291 162 que il ſ’oſta de leur veuë, & ſe retirant du lieu, print le

1649 2383 2288 168 largue de l’emboucheure, pour ſe mettre à ſeureté. Les

1643 2498 2284 158 proteſtans maintenoient que ſ'ils euſſent eu la patien¬

1649 2604 2288 155 ce d’attendre vne heure à les charger: comme la Noue

1652 2719 2285 155 & autres chefs conſeilloient, ils ſe fuſſent rendus mai¬

1652 2828 2285 168 ſtres des galleres: car le Baron de la Garde (diſoient-

1649 2943 2291 149 ils) vouloit faire prendre terre à tous ſes ſoldats, pour

1649 3061 2291 146 mieux & plus ſeurement fournir à ſon entrepriſe: mais

1649 3164 2294 152 la chaleur du ſoldat mal obeiſſant, luy ſeut de tãt com

1649 3272 2291 172 mander, qu’il ne peut temporiſer vn quart d’heure:

1655 3388 2285 164 ayant tel obiect deuant luy, & l’ennemy ſi à cõmande¬

1649 3500 2291 158 ment. Beaulieu qui lors eſtoit à Angers à la ſuite de la

1658 3605 2285 171 Court, en recompenſe de ceſte perte eut de la maieſté

1655 3717 2279 153 aſſeurance de dix mil liures, auec promeſſe d’eſtie payé

1658 3839 2269 152 & entretenu iuſques à ce qu’il en euſt redreſſé vne au¬

1658 3938 2279 165 tre. Depuis le Baron de la Garde retira ſes galleres en

1658 4050 2279 165 Brouage, port, & deſcente ordinaire des Allemans, An¬

1662 4165 2278 159 glois, & autres natiõs qui ſont couſtumiers charger de

1658 4271 2279 165 ſel, qui eſtoit le profit des rebelles: tellement que

1665 4383 2269 159 quand ils vouloient ſ’acquiter des marchandiſes: com¬

1655 4501 2279 156 me munitions, & autres telles choſes qu’on leur appor¬

1658 4604 2282 149 toit de ces cartiers là, ils trouuoient en ce lieu là aſſez

1655 4713 2288 205 de ſel pour leur bailler en payement. Et d’ailleurs les

3610 4816 333 220 galleres
