4096 5888
1082 242 1172 150 Septembre, M. D. LXIX.

2384 248 521 137 LIVRE

1364 520 2538 157 tirant à droite comme on va à Moncoutour, qu’elle n’eſt

1367 628 2532 176 à gauche: duquel coſté ceſte pente rencontre pluſtoſt le

1364 749 2529 160 ruiſſeau qui coule au pied de ceſte deſcente parmi de grã¬

1367 866 2522 161 des herbes, qui ſont deçà, & delà, auec pluſieurs ſaules,

1374 987 2326 161 qui bornent ce coulant d’eau, en quelques endroits.

1449 1099 2450 157 Ils repaſſerent donc ce ruiſſeau, pour aller cerchet ceux,

1380 1220 2519 160 qui les auoyent talonnez de bien pres: contre l’auis tou¬

1383 1445 2516 164 tez Capitaines, qui les prioyent de demeurer delà le ruiſ¬

1374 1563 2528 157 ſeau:diſans, que puis que les autres auoyent refuſé le com¬

1377 1674 2525 167 bat, qu’il ne leur falloit plus preſenter, auec ſi peu d’auan¬

1390 1789 2512 160 tage de lieu, ſi peu de gens, & fans Artillerie: eſtans meſ¬

1403 2260 2499 163 preſumer) employer toutes leurs forces, qui les atten¬

1390 2610 2526 157 uantgarde, & conſequemment la Bataille, qui eſtoit la

1383 2731 2533 154 moins forte: les prioyent preſques à iointes mains, de ne

1380 2839 2532 167 paſſer plus auant, & deffendre ſeulement le paſſage: con¬

1383 2957 2533 134 ſiderans la conſequence merueilleuſe d’vne ieune & folle

1390 3084 2526 151 entreprinſe: laquelle vne fois executee, ne peut apres

1387 3195 2532 154 ſouff ir aucun remede. Car tel erreur emporte la mort

1387 3310 2529 150 auec ſoy, comme faute irreparable à l’auenir: leur remon¬

1387 3421 2522 157 ſtroyent qu’il doit ſuffire, voire ce ne leur eſtoit peu d’hon¬

1387 3539 2532 144 neur ſe deffendre és lieux & accidens deſauantageux: meſ¬

1390 3676 2532 134 mement contre vne grande & bien conduite armee: ſur

1400 3787 2529 144 vne vague eſtendue de pays: auec peu de ſoldatz, & qui

1393 3892 2536 151 ſentent ia la pinçade d’vne premiere attainte. Par ainſi

1403 4003 2519 157 qu’ils ſe contentaſſent du paſſé. Car bien que les Catholi¬

1406 4118 2523 147 ques ne vueillent rien hazarder:ains ſeulement vſer d’vn

1406 4236 2519 150 aſſidu rafraiſchiſſement à tant de troupes qu’ils nous en¬

1403 4344 2529 150 uoyeront ſur les bras, à la longue nous faudra caler à ce

1403 4465 2532 153 malheur. Et ſans doute, pour eſtre peu, & ſans ceſſe ſur le

1406 4592 2536 141 trauail, ſembloyent ne deuoir moins patir que les ſoldatz

1410 4694 2528 157 de Cnee Fabie, au fort qu’ils auoyent eſleuë deuant Cler¬

968 405 399 151 Conſidera- cheuaux en toute liberté:eſt toutesfois plus platte & vnie

965 507 307 124 tions en

965 601 288 141 guerre.

997 1125 363 160 Peu d'o¬

974 1269 367 117 beißante

981 1337 391 130 ές guerres tesfois, & remonſtrances de pluſieurs vieils, & experimen¬

978 1439 382 140 ſeditieuſes.

978 1763 379 127 Charges ne

974 1871 383 134 ſe doyuent

981 1959 403 121 faire, que mes pluſieurs d’eux encores effrayez de ſi foudaine alleu¬

978 2044 380 128 aiſcrette- re, & que ceux qui outrepaſſeroyent, n’en reuiendroyent

981 2149 396 126 mẽt & par liamais, ſi les Catholiques y vouloyent (comme il eſtoit à

981 2227 389 121 l'aduis des

978 2338 392 128 plus vieux

984 2405 404 149 & reutiersſdoyent ſur le haut de la plaine: & les auoir deffait, pour¬

984 2517 407 135 auxarmes. royent aiſeement paſſer outre: & rompre toute ceſle A¬
