4096 5932
903 293 818 174 Auril, M.D.LXX.

2226 299 547 188 LIVRE

1315 916 2438 148 Proteſtant, où pluſieurs fur ent s’accommoder & rafraiſ¬

1312 1028 2434 155 chir: & y laiſſerent pour Gouuerneur Poyet de Viuarez,

1312 1146 1926 149 apres en auoir tiré quelque piece de baterie.

1414 1255 2332 148 Ceci ſuruint de memorable dedãs Aubenas. La Tour,

1315 1476 2438 152 ſa femme auſsi toſt pendue à ſon col, pour l’extreme plai

1329 1591 2417 152 ſir qu’elle receut de ſa venue, ſi long tẽps deſiree, (pour

1329 1707 2417 145 l’auoir entẽdu terraſſé corps ſans ame, parmi la ſanglãte

1315 2155 2434 145 (veu la raiſon prõpte & naturelle) qu’vne ioye exceſsiue

1305 2267 2438 151 puiſſe ſuffoquer les eſprits vitaux, eſtoupant les cõduits,

1299 2382 2444 148 par leſquels nous reſpirons ceſte miſerable vie: veu meſ¬

1305 2488 2434 155 me que les anciẽs noꝰ aſſeurẽt (afin que ie taiſe Zeuxis,

1305 2606 2448 145 P'hilemon. Philiſton, & pluſieurs autres, qui moururent

1305 2725 2444 138 de trop rire: voire mille autres, tant anciens que moder¬

1305 2830 2441 145 nes morts ſoudainement en autres paſsions) que l’Athle

1319 2933 2424 164 te Crotoniate, Diagore, Chilon, Philipide, Sophocle,

1315 3051 2428 152 Philete, Cratin, Denys le Tyrã, Telon & Iuuence, mou¬

1312 3176 2437 139 rurent de ioye & contentement qu’ils receurent des bõ¬

1312 3282 2427 145 nes nouuelles qu’on leur apporta Ceſte Romaine, mere

1305 3394 2434 152 d’vne pitié remarquable:ne ſouſtint elle pas plus conſtã

1302 3509 2437 125 ment la douleur de la iournee perdue à Cannes cõtre les

1312 3628 2431 142 Carthageois: que l’excez de la ioye qu’elle receut à

1305 3733 2438 145 la premiere veuë de ſon ſils qu’on luy auoit rapporté

1302 3845 2431 142 mort? elle expira auſsi toſt. La gẽtile Polycrite de Naxe,

1309 3951 2434 158 perſuada(tant elle eſtoit belle & gracieuſe) à Diognet, &

1302 4076 2444 125 aux Erithreens qui tenoyent Naxe eſtroitement aſsie¬

1315 4178 2428 155 gee, de leuer le camp. Ce qu’ils firent. Cõme elle rentroit

1309 4300 2434 139 dedans la ville, ſe voyant ſi honoree, & ſi bien receuë de

1309 4416 2434 131 tous comme mere du pays: de ioye extreme rendit l’eſ¬

1305 4524 2434 149 prit parmi ſes Concitoyens: cõme au rebours pluſieurs

1309 4640 1926 141 autres ſont morts de trop grande faſcherie.

1401 4745 2332 148 Ainſi l’armee coſtoyant le Roſne, paſſa pres Bagnols,

1299 4854 2434 207 pont ſaint Eſprit, ſaint Iuliẽ, (qui fut prins par eſcalade)

3419 4969 307 152 & ſain

895 454 396 144 par les Puis prindrent leur route au Viuarez, laiſſant le Roſne

900 583 391 148 Proteſtãs, à droit, & à Choſon paſſerent la riuiere, qui ſepare le

895 697 396 123 Laudum Languedoc du Viuarez, & l’autre qui paſſe pres Aube¬

895 815 396 163 prins. nas, la plus ſignalee de tout le pays: qui preſque tout eſt

887 1278 405 148 Mort no¬

880 1403 425 129 table d’v- Preuoſt du Cãp, ne fuſt pluſtoſt entré en ſa maiſon, que

890 1525 406 135 ne femme

893 1624 396 162 qui de igye

883 1759 380 96 extreme

880 1809 430 178 decede en pouſsiere de Moncontour) n’eſuanouiſt entre ſes bras,

875 1962 430 119 tre lesbras ſans pouuoir ſuruiure le quatrieme iour, de la plus grãde

895 2066 406 212 de ſon ma ioye qu’elle receut iamais. Et ne faut trouuer eſtrange

900 2201 119 168 ".

893 2877 389 171 Ceux qui

883 3015 396 152 ſont morts

890 3117 307 145 de ioye,

890 3242 392 129 & plaiſir

887 3351 379 171 uxtreme.
