<?xml version="1.0" encoding="UTF-8"?>
<alto xmlns:xsi="http://www.w3.org/2001/XMLSchema-instance"
      xmlns="http://www.loc.gov/standards/alto/ns-v4#"
      xsi:schemaLocation="http://www.loc.gov/standards/alto/ns-v4# http://www.loc.gov/standards/alto/v4/alto-4-2.xsd">
  <Description>
    <MeasurementUnit>pixel</MeasurementUnit>
    <sourceImageInformation>
      <fileName>page_047.jpg</fileName>
    </sourceImageInformation>
  </Description>
  <Tags>
    <OtherTag ID="BT7" LABEL="CustomZone" DESCRIPTION="block type CustomZone"/><OtherTag ID="BT8" LABEL="DamageZone" DESCRIPTION="block type DamageZone"/><OtherTag ID="BT9" LABEL="DigitizationArtefactZone" DESCRIPTION="block type DigitizationArtefactZone"/><OtherTag ID="BT10" LABEL="DropCapitalZone" DESCRIPTION="block type DropCapitalZone"/><OtherTag ID="BT11" LABEL="GraphicZone" DESCRIPTION="block type GraphicZone"/><OtherTag ID="BT12" LABEL="MainZone" DESCRIPTION="block type MainZone"/><OtherTag ID="BT13" LABEL="MarginTextZone" DESCRIPTION="block type MarginTextZone"/><OtherTag ID="BT14" LABEL="MusicZone" DESCRIPTION="block type MusicZone"/><OtherTag ID="BT15" LABEL="NumberingZone" DESCRIPTION="block type NumberingZone"/><OtherTag ID="BT17" LABEL="QuireMarksZone" DESCRIPTION="block type QuireMarksZone"/><OtherTag ID="BT18" LABEL="RunningTitleZone" DESCRIPTION="block type RunningTitleZone"/><OtherTag ID="BT19" LABEL="SealZone" DESCRIPTION="block type SealZone"/><OtherTag ID="BT20" LABEL="StampZone" DESCRIPTION="block type StampZone"/><OtherTag ID="BT21" LABEL="TableZone" DESCRIPTION="block type TableZone"/><OtherTag ID="BT22" LABEL="TitlePageZone" DESCRIPTION="block type TitlePageZone"/><OtherTag ID="BT2522" LABEL="MainZone-Continued" DESCRIPTION="block type MainZone-Continued"/><OtherTag ID="BT2523" LABEL="MarginTextZone-Notes" DESCRIPTION="block type MarginTextZone-Notes"/><OtherTag ID="BT2524" LABEL="MainZone-Head" DESCRIPTION="block type MainZone-Head"/><OtherTag ID="BT2525" LABEL="MainZone-P" DESCRIPTION="block type MainZone-P"/><OtherTag ID="BT2526" LABEL="MainZone-Signature" DESCRIPTION="block type MainZone-Signature"/><OtherTag ID="BT2527" LABEL="TitlePageZone-Index" DESCRIPTION="block type TitlePageZone-Index"/><OtherTag ID="BT2528" LABEL="MainZone-Entry" DESCRIPTION="block type MainZone-Entry"/><OtherTag ID="BT2529" LABEL="MainZone-Sp" DESCRIPTION="block type MainZone-Sp"/><OtherTag ID="BT2530" LABEL="GraphicZone-Decoration" DESCRIPTION="block type GraphicZone-Decoration"/><OtherTag ID="BT2531" LABEL="MarginTextZone-ManuscriptAddendum" DESCRIPTION="block type MarginTextZone-ManuscriptAddendum"/><OtherTag ID="BT2532" LABEL="MainZone-Other" DESCRIPTION="block type MainZone-Other"/><OtherTag ID="BT2533" LABEL="MainZone-ListItem" DESCRIPTION="block type MainZone-ListItem"/><OtherTag ID="BT2534" LABEL="GraphicZone-Head" DESCRIPTION="block type GraphicZone-Head"/><OtherTag ID="BT2535" LABEL="MainZone-Lg" DESCRIPTION="block type MainZone-Lg"/><OtherTag ID="BT2536" LABEL="MainZone-Date" DESCRIPTION="block type MainZone-Date"/>
    <OtherTag ID="LT7" LABEL="CustomLine" DESCRIPTION="line type CustomLine"/><OtherTag ID="LT8" LABEL="DefaultLine" DESCRIPTION="line type DefaultLine"/><OtherTag ID="LT9" LABEL="DropCapitalLine" DESCRIPTION="line type DropCapitalLine"/><OtherTag ID="LT10" LABEL="HeadingLine" DESCRIPTION="line type HeadingLine"/><OtherTag ID="LT11" LABEL="InterlinearLine" DESCRIPTION="line type InterlinearLine"/><OtherTag ID="LT12" LABEL="MusicLine" DESCRIPTION="line type MusicLine"/><OtherTag ID="LT749" LABEL="default" DESCRIPTION="line type default"/>
  </Tags>
  <Layout>
    <Page WIDTH="1202"
          HEIGHT="2107"
          PHYSICAL_IMG_NR="45"
          ID="eSc_dummypage_">
      <PrintSpace HPOS="0"
                  VPOS="0"
                  WIDTH="1202"
                  HEIGHT="2107">
        <TextBlock HPOS="276"
                   VPOS="192"
                   WIDTH="802"
                   HEIGHT="623"
                   ID="block_0"
                   TAGREFS="BT2522">
          <Shape><Polygon POINTS="1078 192 1078 815 276 815 276 192"/></Shape>
          <TextLine ID="line_0"
                    TAGREFS="LT8"
                    BASELINE="278 225 1068 232" 
                    HPOS="277"
                    VPOS="207"
                    WIDTH="791"
                    HEIGHT="42">
            <Shape><Polygon POINTS="1063 224 1052 224 1040 224 1028 224 1016 224 1005 224 993 224 981 224 970 224 958 224 946 224 934 224 923 224 911 224 899 224 888 224 876 224 864 224 852 224 841 224 829 224 817 224 806 224 794 224 782 224 770 224 759 224 747 224 735 224 724 224 712 224 700 224 688 224 677 224 665 224 653 224 642 224 630 224 618 224 606 224 595 224 583 224 571 224 559 224 548 224 536 224 524 224 513 224 501 224 489 224 477 224 466 224 454 224 442 224 431 224 419 224 407 224 395 224 384 224 372 224 360 224 349 224 337 224 325 224 324 209 278 207 278 225 277 242 310 243 311 243 312 243 313 243 313 242 321 237 328 242 328 243 329 243 330 243 331 243 339 242 390 236 404 242 408 244 410 244 411 244 434 242 492 237 524 242 543 245 544 245 545 245 555 242 567 238 579 242 585 244 586 244 588 244 605 242 638 238 659 242 679 246 680 246 712 242 735 239 767 242 809 246 810 246 811 246 824 242 830 241 832 242 839 248 841 248 842 248 843 248 911 242 924 242 927 242 946 249 947 249 948 249 977 242 980 242 981 242 991 249 992 249 993 249 994 249 1067 242 1068 232 1067 224 1063 224"/></Shape>
	    <String CONTENT="clemte lus enoies, noipas ai qu&#x27;’eilcs iont"
                    HPOS="277"
                    VPOS="207"
                    WIDTH="791"
                    HEIGHT="42"
                    WC="0.9743895516839138"></String>
          </TextLine>
          <TextLine ID="line_1"
                    TAGREFS="LT8"
                    BASELINE="278 272 1069 279" 
                    HPOS="277"
                    VPOS="234"
                    WIDTH="792"
                    HEIGHT="60">
            <Shape><Polygon POINTS="278 272 277 282 288 289 289 289 290 289 291 289 533 284 541 291 542 291 543 291 544 291 574 285 654 285 673 292 674 292 675 292 789 286 804 293 806 293 807 293 854 287 886 293 888 293 889 293 890 293 897 287 938 294 939 294 1021 289 1043 294 1045 294 1046 294 1047 294 1068 287 1069 279 1068 250 1025 239 966 239 965 239 964 239 963 239 950 249 947 249 864 249 863 248 848 238 847 238 845 238 844 238 843 238 808 248 806 248 804 248 790 237 789 237 788 237 787 237 786 237 766 245 747 237 746 237 745 237 743 237 731 243 704 238 702 238 701 238 700 238 690 246 675 236 674 236 673 236 672 236 671 236 650 245 622 237 620 237 619 237 618 237 591 245 590 245 578 236 577 236 576 236 575 236 513 244 487 235 486 235 485 235 483 235 448 244 447 244 446 244 432 235 431 235 429 235 428 235 384 243 358 234 357 234 356 234 354 234 326 243 324 243 278 243 278 272"/></Shape>
	    <String CONTENT="auenues, ains cõme elles deuoyẽt auenir. Par"
                    HPOS="277"
                    VPOS="234"
                    WIDTH="792"
                    HEIGHT="60"
                    WC="0.9979994698711063"></String>
          </TextLine>
          <TextLine ID="line_2"
                    TAGREFS="LT8"
                    BASELINE="277 321 674 321 1070 328" 
                    HPOS="276"
                    VPOS="279"
                    WIDTH="794"
                    HEIGHT="66">
            <Shape><Polygon POINTS="276 330 342 338 343 338 407 332 421 339 422 339 424 339 425 339 426 339 435 333 448 339 449 339 451 339 520 333 529 339 530 339 531 339 533 339 667 334 691 341 692 341 693 341 739 335 779 341 780 341 781 341 800 335 831 342 832 342 895 338 951 344 952 345 1056 345 1056 344 1057 344 1069 337 1070 328 1070 291 1059 285 1057 285 1056 285 1055 285 953 292 940 292 938 291 926 284 925 284 924 284 923 284 864 290 836 284 835 284 834 284 811 290 806 291 804 290 797 284 796 284 795 284 794 284 793 284 791 284 783 290 781 291 775 290 752 283 750 283 749 283 748 283 731 289 722 292 674 292 661 287 639 282 638 282 606 282 605 282 604 282 593 286 588 290 567 286 530 280 529 280 528 280 515 286 508 289 495 285 476 280 475 280 474 280 454 285 439 289 434 285 432 283 431 283 429 283 428 283 407 284 383 286 379 284 374 279 373 279 372 279 371 279 333 280 332 280 331 280 329 283 324 287 316 283 308 279 306 279 305 279 304 279 303 279 298 283 292 287 278 283 277 321 276 330"/></Shape>
	    <String CONTENT="ainſi ceſte audace d’vne part, la lecture deſme"
                    HPOS="276"
                    VPOS="279"
                    WIDTH="794"
                    HEIGHT="66"
                    WC="0.9972657738847935"></String>
          </TextLine>
          <TextLine ID="line_3"
                    TAGREFS="LT8"
                    BASELINE="278 368 1069 375" 
                    HPOS="278"
                    VPOS="328"
                    WIDTH="791"
                    HEIGHT="64">
            <Shape><Polygon POINTS="278 368 278 381 638 381 663 386 678 388 679 388 680 388 686 386 695 382 728 387 743 388 745 388 757 387 793 382 823 388 834 389 835 389 855 388 920 383 937 389 940 390 941 390 943 392 1068 392 1069 375 1068 345 982 345 981 344 971 334 970 334 968 334 937 333 936 333 934 333 933 333 917 342 917 344 875 344 875 342 854 334 852 334 851 334 850 334 824 342 823 342 807 332 806 332 804 332 745 332 743 332 742 332 741 332 729 341 728 342 690 342 687 341 656 331 654 331 653 331 620 337 599 331 598 331 597 331 596 331 577 338 562 331 561 331 509 330 508 330 507 330 506 330 492 340 488 340 417 340 415 339 401 330 400 330 399 330 398 330 350 335 295 328 294 328 292 328 278 335 278 368"/></Shape>
	    <String CONTENT="ſuree &amp; confuſe de liures de l’autre, fait que,"
                    HPOS="278"
                    VPOS="328"
                    WIDTH="791"
                    HEIGHT="64"
                    WC="0.9867566798595672"></String>
          </TextLine>
          <TextLine ID="line_4"
                    TAGREFS="LT8"
                    BASELINE="282 419 605 416 1070 423" 
                    HPOS="281"
                    VPOS="375"
                    WIDTH="789"
                    HEIGHT="63">
            <Shape><Polygon POINTS="282 419 281 424 347 434 349 434 413 427 414 427 473 435 474 435 517 428 518 428 564 435 565 435 567 435 585 428 586 428 596 428 675 435 677 435 750 430 768 429 773 430 793 436 794 436 795 436 843 430 850 430 851 431 858 437 859 437 861 437 922 438 923 438 1069 433 1070 423 1069 392 1049 392 1049 390 1037 381 1036 381 1035 381 1034 381 1033 381 1009 390 980 383 979 383 978 383 977 383 958 390 957 390 916 390 911 390 900 381 900 380 899 380 898 380 897 380 831 386 824 381 823 381 822 381 821 381 820 381 818 381 818 382 810 389 809 390 788 390 787 389 760 379 759 379 757 379 756 379 731 388 661 379 660 379 659 379 623 388 622 388 604 378 603 378 602 378 524 378 523 378 522 378 521 378 509 385 462 376 461 376 460 376 427 387 364 387 323 387 323 386 301 375 299 375 298 375 297 375 282 383 282 419"/></Shape>
	    <String CONTENT="(comme par les humeurs corrompues la ſan"
                    HPOS="281"
                    VPOS="375"
                    WIDTH="789"
                    HEIGHT="63"
                    WC="0.9887210190296173"></String>
          </TextLine>
          <TextLine ID="line_5"
                    TAGREFS="LT8"
                    BASELINE="278 463 1070 469" 
                    HPOS="278"
                    VPOS="424"
                    WIDTH="792"
                    HEIGHT="62">
            <Shape><Polygon POINTS="278 463 278 474 331 474 335 475 352 481 353 481 354 481 356 481 367 475 370 474 371 475 379 482 380 482 381 482 383 482 451 476 462 475 474 476 527 482 528 482 529 482 544 476 548 475 550 476 561 483 562 483 563 483 564 483 612 477 619 476 622 477 631 484 632 484 633 484 634 484 726 477 750 476 754 478 766 485 767 485 768 485 769 486 809 486 809 485 810 485 824 478 827 477 836 478 865 483 866 483 903 478 911 478 916 479 948 486 950 486 1069 479 1070 469 1069 442 1016 442 1015 441 1006 433 1005 433 1004 433 1002 433 1001 433 1000 433 991 441 989 441 878 441 877 438 871 434 870 434 869 434 868 434 866 434 854 438 850 440 847 438 829 430 828 430 827 430 825 430 804 438 798 440 684 440 679 436 664 427 663 427 661 427 660 427 608 434 598 427 597 427 596 427 595 427 593 427 592 427 583 435 582 436 581 435 563 426 562 426 476 426 475 426 474 426 473 426 463 431 384 424 383 424 381 424 363 433 359 434 358 433 351 427 351 426 350 426 349 426 306 424 305 424 278 430 278 463"/></Shape>
	    <String CONTENT="té corporelle empire) lon acquiert vne mau¬"
                    HPOS="278"
                    VPOS="424"
                    WIDTH="792"
                    HEIGHT="62"
                    WC="0.9995428621768951"></String>
          </TextLine>
          <TextLine ID="line_6"
                    TAGREFS="LT8"
                    BASELINE="279 510 1069 517" 
                    HPOS="279"
                    VPOS="472"
                    WIDTH="790"
                    HEIGHT="60">
            <Shape><Polygon POINTS="279 510 279 523 629 523 638 524 674 530 675 530 801 525 807 530 807 531 808 531 809 531 810 531 906 525 912 525 913 525 939 532 940 532 941 532 1068 525 1069 517 1069 488 1042 478 1041 478 1040 478 955 485 937 486 762 485 757 482 745 476 743 476 742 476 718 482 706 484 695 481 674 475 673 475 672 475 631 481 624 481 617 479 586 475 585 475 584 475 583 475 577 479 571 484 550 484 544 478 540 475 540 474 538 474 537 474 536 474 502 478 488 479 470 477 442 474 441 474 440 474 433 477 422 482 417 476 413 474 413 472 412 472 411 472 410 472 408 472 400 476 391 481 380 476 372 472 371 472 370 472 352 476 324 481 279 475 279 510"/></Shape>
	    <String CONTENT="uaiſe habitude de iugement, vn renuerſe¬"
                    HPOS="279"
                    VPOS="472"
                    WIDTH="790"
                    HEIGHT="60"
                    WC="0.9993745297193527"></String>
          </TextLine>
          <TextLine ID="line_7"
                    TAGREFS="LT8"
                    BASELINE="278 557 1071 566" 
                    HPOS="277"
                    VPOS="517"
                    WIDTH="794"
                    HEIGHT="64">
            <Shape><Polygon POINTS="278 557 277 567 377 575 378 575 429 570 438 570 440 571 454 575 455 575 456 575 530 572 552 571 557 572 575 578 576 578 577 578 578 578 590 572 592 572 596 573 619 578 620 578 659 573 674 572 687 574 708 578 709 578 748 574 774 573 872 573 879 577 892 581 893 581 895 581 1070 579 1071 566 1071 533 1064 526 1064 525 1063 525 1062 525 1033 525 1032 525 965 532 957 533 954 532 943 524 941 524 940 524 939 524 899 532 890 533 886 532 872 523 871 523 870 523 869 523 835 530 797 523 796 523 795 523 781 530 776 532 772 530 753 523 752 523 707 522 706 522 705 522 686 529 680 531 677 529 666 520 665 520 664 520 663 520 622 527 611 530 604 527 578 519 577 519 576 519 575 519 554 527 549 529 541 527 509 519 469 519 468 519 467 519 452 526 447 529 424 529 420 525 412 518 411 518 410 518 408 518 379 525 376 525 372 525 336 517 335 517 333 517 332 517 323 524 322 524 278 524 278 557"/></Shape>
	    <String CONTENT="ment de raiſon (ce qui doit eſtre le plus ſain"
                    HPOS="277"
                    VPOS="517"
                    WIDTH="794"
                    HEIGHT="64"
                    WC="0.9971347088399141"></String>
          </TextLine>
          <TextLine ID="line_8"
                    TAGREFS="LT8"
                    BASELINE="278 606 1071 611" 
                    HPOS="278"
                    VPOS="567"
                    WIDTH="793"
                    HEIGHT="60">
            <Shape><Polygon POINTS="278 606 278 620 766 620 775 620 823 626 824 626 865 620 872 620 875 620 889 627 890 627 891 627 892 627 913 621 960 627 961 627 1070 620 1071 611 1070 584 1014 577 1013 577 1012 577 1001 582 999 584 875 584 870 580 859 573 858 573 857 573 809 570 784 570 783 570 782 570 781 570 770 579 769 580 768 579 749 570 748 570 673 568 672 568 671 568 670 568 658 578 653 581 615 581 604 577 581 568 579 568 494 568 493 568 492 568 473 575 461 580 427 580 421 574 413 567 412 567 411 567 370 567 369 567 367 567 353 573 342 580 329 580 322 573 315 567 313 567 312 567 311 567 278 572 278 606"/></Shape>
	    <String CONTENT="&amp; mieux reiglé en noſtre vie) &amp; n’a on ia¬"
                    HPOS="278"
                    VPOS="567"
                    WIDTH="793"
                    HEIGHT="60"
                    WC="0.9773003902546195"></String>
          </TextLine>
          <TextLine ID="line_9"
                    TAGREFS="LT8"
                    BASELINE="278 654 1071 659" 
                    HPOS="277"
                    VPOS="614"
                    WIDTH="794"
                    HEIGHT="57">
            <Shape><Polygon POINTS="278 654 277 667 1069 671 1071 659 1070 629 995 629 994 628 979 619 978 619 977 619 975 619 974 619 958 623 946 618 945 618 944 618 943 618 924 628 922 629 873 629 870 628 837 616 836 616 835 616 834 616 806 623 794 616 793 616 791 616 663 615 622 615 620 615 619 615 618 615 604 626 603 627 520 627 517 626 477 614 476 614 475 614 431 616 429 616 414 625 413 625 331 614 330 614 278 623 278 654"/></Shape>
	    <String CONTENT="mais vocatiõ arrreſtee: brief comme la nour"
                    HPOS="277"
                    VPOS="614"
                    WIDTH="794"
                    HEIGHT="57"
                    WC="0.9895953766324304"></String>
          </TextLine>
          <TextLine ID="line_10"
                    TAGREFS="LT8"
                    BASELINE="278 699 1073 707" 
                    HPOS="278"
                    VPOS="662"
                    WIDTH="795"
                    HEIGHT="62">
            <Shape><Polygon POINTS="278 699 278 717 383 712 404 718 410 719 411 719 412 719 421 718 445 714 472 718 483 719 485 719 486 719 492 718 509 714 516 718 517 719 518 719 520 719 521 719 522 719 527 718 537 714 547 718 551 721 552 721 554 721 555 721 563 718 574 715 605 718 630 721 631 721 649 718 672 715 727 718 780 722 781 722 782 722 795 718 806 716 831 718 875 723 876 723 912 718 926 717 934 718 957 724 958 724 959 724 1071 718 1073 707 1071 668 1054 668 1053 668 1052 668 1050 668 1050 669 1039 678 1004 668 1002 668 1001 668 1000 668 979 678 904 671 903 671 816 677 802 669 798 667 797 667 796 667 795 667 794 667 787 669 777 671 767 669 749 666 748 666 729 669 698 676 687 669 679 664 678 664 677 664 675 664 644 670 633 671 631 670 626 666 625 666 624 666 623 666 622 666 613 670 612 670 606 670 542 663 541 663 540 663 538 663 538 664 531 670 527 675 501 675 495 670 486 663 485 663 483 663 482 663 395 671 379 673 377 671 366 663 365 663 364 663 363 663 362 663 360 663 360 664 356 668 333 662 332 662 331 662 330 662 329 662 317 671 317 673 278 673 278 699"/></Shape>
	    <String CONTENT="riture ne ſert de rien aux intemperans, ainſi"
                    HPOS="278"
                    VPOS="662"
                    WIDTH="795"
                    HEIGHT="62"
                    WC="0.9889897704124451"></String>
          </TextLine>
          <TextLine ID="line_11"
                    TAGREFS="LT8"
                    BASELINE="279 749 1071 756" 
                    HPOS="279"
                    VPOS="709"
                    WIDTH="792"
                    HEIGHT="64">
            <Shape><Polygon POINTS="279 749 279 764 591 764 608 766 634 770 636 770 637 770 647 766 654 764 661 766 674 771 675 771 677 771 765 766 803 765 808 766 818 772 820 772 821 772 912 767 939 766 947 767 978 773 979 773 1070 767 1071 756 1070 724 918 723 911 721 880 714 879 714 854 719 844 722 834 719 808 712 807 712 806 712 731 717 683 721 673 716 661 711 660 711 659 711 602 715 585 716 574 715 542 710 541 710 520 714 495 718 446 718 436 712 433 710 432 710 431 710 429 710 403 711 328 717 312 710 310 709 309 709 308 709 279 709 279 749"/></Shape>
	    <String CONTENT="lon ne recueille fruit quelconque de tout ce"
                    HPOS="279"
                    VPOS="709"
                    WIDTH="792"
                    HEIGHT="64"
                    WC="0.9957665028897199"></String>
          </TextLine>
          <TextLine ID="line_12"
                    TAGREFS="LT8"
                    BASELINE="282 797 474 797" 
                    HPOS="282"
                    VPOS="758"
                    WIDTH="192"
                    HEIGHT="59">
            <Shape><Polygon POINTS="282 797 282 811 290 817 291 817 292 817 294 817 373 811 459 817 460 817 461 817 474 810 474 797 473 758 282 760 282 797"/></Shape>
	    <String CONTENT="qu’on lit."
                    HPOS="282"
                    VPOS="758"
                    WIDTH="192"
                    HEIGHT="59"
                    WC="0.9535728394985199"></String>
          </TextLine>
        </TextBlock>
        <TextBlock HPOS="269"
                   VPOS="813"
                   WIDTH="814"
                   HEIGHT="916"
                   ID="block_1"
                   TAGREFS="BT2525">
          <Shape><Polygon POINTS="1083 813 1074 1720 269 1729 276 813"/></Shape>
          <TextLine ID="line_13"
                    TAGREFS="LT8"
                    BASELINE="324 847 1071 850" 
                    HPOS="323"
                    VPOS="799"
                    WIDTH="748"
                    HEIGHT="67">
            <Shape><Polygon POINTS="324 847 323 855 390 863 391 863 426 858 427 858 433 858 556 863 557 863 558 863 569 859 574 858 581 860 598 865 599 865 601 865 740 862 834 860 871 863 896 866 897 866 898 866 904 863 917 860 1069 866 1071 850 1070 801 1036 801 1035 801 1034 801 1033 801 1013 815 909 815 893 805 892 805 891 805 890 805 889 805 871 811 859 801 858 801 857 801 856 801 855 801 796 813 767 801 763 800 762 800 761 800 742 801 672 807 651 801 645 800 644 800 643 800 642 800 638 801 620 811 593 801 589 800 588 800 586 800 576 801 547 807 528 801 518 799 517 799 516 799 515 799 514 799 511 801 497 812 419 803 418 803 366 812 324 803 324 847"/></Shape>
	    <String CONTENT="Vous entendez, ce me ſemble, comme il"
                    HPOS="323"
                    VPOS="799"
                    WIDTH="748"
                    HEIGHT="67"
                    WC="0.9969260934236888"></String>
          </TextLine>
          <TextLine ID="line_14"
                    TAGREFS="LT8"
                    BASELINE="279 894 1070 896" 
                    HPOS="279"
                    VPOS="854"
                    WIDTH="791"
                    HEIGHT="60">
            <Shape><Polygon POINTS="279 894 279 911 659 907 666 910 675 914 677 914 678 914 679 914 680 914 686 909 688 908 701 909 733 914 734 914 779 909 793 908 824 909 952 914 953 914 954 914 971 908 972 908 974 908 1015 914 1016 914 1069 907 1070 896 1068 860 934 865 920 859 918 858 917 858 916 858 904 859 857 865 848 859 844 855 843 855 842 855 841 855 824 859 795 865 782 858 776 855 775 855 699 855 698 855 697 855 691 858 675 865 603 858 568 854 567 854 565 854 558 858 543 865 513 865 500 856 496 855 495 855 494 855 483 856 467 860 462 856 459 854 458 854 456 854 393 854 392 854 391 854 390 854 390 855 387 856 379 865 329 865 313 856 310 854 309 854 308 854 279 855 279 894"/></Shape>
	    <String CONTENT="y a preſque meſme conſideration à lire l’hi¬"
                    HPOS="279"
                    VPOS="854"
                    WIDTH="791"
                    HEIGHT="60"
                    WC="0.9970079527960883"></String>
          </TextLine>
          <TextLine ID="line_15"
                    TAGREFS="LT8"
                    BASELINE="277 939 1071 944" 
                    HPOS="276"
                    VPOS="900"
                    WIDTH="795"
                    HEIGHT="62">
            <Shape><Polygon POINTS="277 939 276 949 319 958 321 958 322 958 349 951 424 958 425 958 426 958 427 958 435 951 449 958 451 958 452 958 453 958 466 952 508 959 509 959 510 959 511 959 521 954 542 959 543 959 544 959 626 954 702 961 704 961 760 954 816 961 817 961 936 956 957 962 958 962 959 962 1070 954 1071 944 1071 910 1036 903 1035 903 974 909 944 913 937 909 930 907 929 907 927 907 926 907 925 907 922 909 914 913 818 913 814 909 797 902 796 902 795 902 691 908 665 901 664 901 663 901 661 901 660 901 651 909 649 911 627 911 624 909 605 901 604 901 563 901 562 901 509 909 499 910 495 909 476 900 475 900 453 900 452 900 451 900 449 900 439 909 438 909 436 909 388 900 387 900 386 900 360 909 358 910 315 910 313 909 304 902 303 902 302 902 301 902 299 902 277 908 277 939"/></Shape>
	    <String CONTENT="ſtoire &amp; à examiner ſa vie. La premiere dif¬"
                    HPOS="276"
                    VPOS="900"
                    WIDTH="795"
                    HEIGHT="62"
                    WC="0.9887847118907505"></String>
          </TextLine>
          <TextLine ID="line_16"
                    TAGREFS="LT8"
                    BASELINE="278 986 1071 992" 
                    HPOS="277"
                    VPOS="948"
                    WIDTH="794"
                    HEIGHT="58">
            <Shape><Polygon POINTS="998 952 996 952 971 963 960 954 959 954 958 954 957 954 930 957 916 952 911 952 906 952 899 958 871 952 870 952 869 952 838 962 837 963 800 963 798 962 786 952 782 952 774 952 731 961 699 952 688 952 680 952 658 961 646 952 642 952 630 952 620 952 601 955 597 952 595 952 583 952 571 952 559 952 549 959 537 952 536 952 524 952 521 952 509 959 508 961 440 961 438 959 407 952 395 952 384 952 372 952 360 952 356 952 317 958 316 958 301 948 299 948 298 948 297 948 296 948 278 956 278 986 277 998 1069 1006 1071 992 1070 964 999 952 998 952"/></Shape>
	    <String CONTENT="ficulté procede du renuerſement de noſtre"
                    HPOS="277"
                    VPOS="948"
                    WIDTH="794"
                    HEIGHT="58"
                    WC="0.9872365437802815"></String>
          </TextLine>
          <TextLine ID="line_17"
                    TAGREFS="LT8"
                    BASELINE="277 1034 1067 1039" 
                    HPOS="276"
                    VPOS="994"
                    WIDTH="791"
                    HEIGHT="64">
            <Shape><Polygon POINTS="324 1001 321 997 277 1004 277 1034 276 1045 299 1053 301 1053 302 1053 353 1047 366 1055 367 1055 369 1055 370 1055 404 1048 474 1057 475 1057 510 1048 542 1057 543 1057 544 1057 738 1049 753 1058 754 1058 755 1058 1066 1049 1067 1039 1066 1010 998 1010 998 1009 985 998 984 998 982 998 981 998 980 998 952 1007 929 998 927 998 926 998 925 998 924 998 924 999 913 1009 912 1010 871 1010 869 1009 852 997 851 997 850 997 702 997 701 997 629 1006 627 1006 599 996 598 996 597 996 542 1006 540 1006 524 997 523 997 522 997 474 994 473 994 428 1005 427 1005 378 997 377 997 349 1001 340 994 339 994 338 994 337 994 328 996 324 1001"/></Shape>
	    <String CONTENT="diſcours, qui nous pouſſe où noſtre deſir en¬"
                    HPOS="276"
                    VPOS="994"
                    WIDTH="791"
                    HEIGHT="64"
                    WC="0.9885416665802831"></String>
          </TextLine>
          <TextLine ID="line_18"
                    TAGREFS="LT8"
                    BASELINE="277 1081 1070 1087" 
                    HPOS="276"
                    VPOS="1042"
                    WIDTH="794"
                    HEIGHT="64">
            <Shape><Polygon POINTS="324 1053 318 1044 309 1044 308 1044 277 1049 277 1081 276 1093 339 1101 340 1101 425 1094 434 1094 438 1094 475 1102 476 1102 477 1102 494 1096 510 1102 511 1102 513 1103 672 1103 672 1102 701 1096 766 1105 767 1105 878 1097 899 1105 900 1105 902 1105 903 1105 925 1099 1028 1106 1029 1106 1069 1097 1070 1087 1069 1048 1030 1047 1029 1047 1028 1047 1027 1047 1027 1048 1016 1055 1006 1048 1005 1047 1004 1047 1002 1047 940 1047 939 1047 938 1047 934 1048 912 1055 891 1048 884 1046 883 1046 882 1046 880 1046 870 1048 857 1052 852 1048 850 1046 849 1046 848 1046 847 1046 823 1048 794 1052 780 1048 773 1047 772 1047 770 1047 769 1047 768 1047 767 1048 760 1053 727 1048 693 1045 692 1045 642 1049 596 1053 589 1049 578 1044 577 1044 576 1044 575 1044 554 1049 543 1052 534 1049 520 1045 518 1045 517 1045 482 1049 463 1052 455 1049 432 1042 431 1042 429 1042 384 1049 376 1051 365 1049 329 1045 324 1053"/></Shape>
	    <String CONTENT="cline, &amp; non pas où les exemples de l’hiſtoi¬"
                    HPOS="276"
                    VPOS="1042"
                    WIDTH="794"
                    HEIGHT="64"
                    WC="0.9941849747429723"></String>
          </TextLine>
          <TextLine ID="line_19"
                    TAGREFS="LT8"
                    BASELINE="277 1131 1071 1135" 
                    HPOS="276"
                    VPOS="1093"
                    WIDTH="795"
                    HEIGHT="58">
            <Shape><Polygon POINTS="277 1131 276 1142 311 1149 312 1149 476 1144 807 1151 808 1151 1070 1145 1071 1135 1070 1106 1001 1106 1000 1105 986 1095 985 1095 984 1095 835 1095 834 1095 832 1095 809 1105 807 1105 780 1103 557 1094 556 1094 555 1094 538 1103 479 1103 477 1102 463 1093 462 1093 461 1093 460 1093 406 1102 403 1102 399 1102 356 1096 354 1096 277 1101 277 1131"/></Shape>
	    <String CONTENT="re nous deuoyent attirer viuement. Mais ce¬"
                    HPOS="276"
                    VPOS="1093"
                    WIDTH="795"
                    HEIGHT="58"
                    WC="0.9990708204202874"></String>
          </TextLine>
          <TextLine ID="line_20"
                    TAGREFS="LT8"
                    BASELINE="277 1178 1071 1184" 
                    HPOS="276"
                    VPOS="1137"
                    WIDTH="795"
                    HEIGHT="58">
            <Shape><Polygon POINTS="324 1151 319 1143 317 1144 292 1137 291 1137 290 1137 289 1137 288 1137 277 1143 277 1178 276 1190 1069 1195 1071 1184 1069 1145 993 1150 985 1145 980 1142 979 1142 978 1142 885 1141 884 1141 883 1141 882 1141 876 1145 872 1148 851 1145 820 1141 818 1141 784 1145 753 1149 713 1149 708 1145 702 1141 701 1141 700 1141 699 1141 671 1145 654 1148 651 1145 644 1140 643 1140 642 1140 640 1140 616 1145 604 1148 592 1145 561 1138 559 1138 530 1145 524 1147 521 1145 509 1140 508 1140 507 1140 328 1143 324 1151"/></Shape>
	    <String CONTENT="ſte ci n’eſt pas moindre que les hiſtoriens"
                    HPOS="276"
                    VPOS="1137"
                    WIDTH="795"
                    HEIGHT="58"
                    WC="0.9938251722690671"></String>
          </TextLine>
          <TextLine ID="line_21"
                    TAGREFS="LT8"
                    BASELINE="278 1226 1073 1230" 
                    HPOS="278"
                    VPOS="1186"
                    WIDTH="795"
                    HEIGHT="60">
            <Shape><Polygon POINTS="278 1226 278 1240 807 1240 811 1240 851 1246 852 1246 1071 1240 1073 1230 1073 1189 1011 1189 1009 1189 1008 1189 1007 1189 986 1199 960 1191 959 1191 958 1191 957 1191 955 1191 943 1200 868 1200 847 1191 845 1191 844 1191 843 1191 842 1191 831 1200 809 1200 791 1191 784 1188 783 1188 782 1188 781 1188 773 1191 759 1199 734 1199 726 1192 722 1189 722 1188 721 1188 720 1188 719 1188 634 1190 633 1190 626 1192 613 1198 604 1193 596 1188 595 1188 593 1188 592 1188 561 1193 554 1195 548 1193 520 1186 518 1186 517 1186 516 1186 496 1195 492 1196 488 1195 474 1186 473 1186 441 1186 440 1186 392 1195 381 1197 377 1196 357 1186 356 1186 354 1186 353 1186 352 1186 340 1196 338 1197 278 1197 278 1226"/></Shape>
	    <String CONTENT="meſmes deſcriuent les choſes auenues d’vn"
                    HPOS="278"
                    VPOS="1186"
                    WIDTH="795"
                    HEIGHT="60"
                    WC="0.9960398819388413"></String>
          </TextLine>
          <TextLine ID="line_22"
                    TAGREFS="LT8"
                    BASELINE="278 1274 1073 1278" 
                    HPOS="277"
                    VPOS="1236"
                    WIDTH="796"
                    HEIGHT="59">
            <Shape><Polygon POINTS="278 1274 277 1285 313 1293 315 1294 517 1294 517 1293 518 1293 542 1287 550 1294 551 1294 552 1294 554 1294 585 1288 672 1294 673 1294 795 1288 816 1295 817 1295 818 1295 1071 1288 1073 1278 1071 1247 1032 1247 1032 1246 1021 1238 1020 1238 1019 1238 1018 1238 963 1246 960 1246 943 1238 941 1238 940 1238 939 1238 917 1244 911 1238 910 1238 909 1238 807 1237 806 1237 766 1245 765 1246 643 1246 640 1245 615 1237 613 1237 612 1237 611 1237 610 1237 598 1245 591 1245 552 1245 551 1245 543 1237 543 1236 542 1236 541 1236 540 1236 462 1237 461 1237 440 1244 426 1237 425 1237 424 1237 372 1241 326 1236 325 1236 324 1236 306 1244 305 1244 278 1244 278 1274"/></Shape>
	    <String CONTENT="tel ſtile, qu’ils ne ſe contentent pas d’attirer"
                    HPOS="277"
                    VPOS="1236"
                    WIDTH="796"
                    HEIGHT="59"
                    WC="0.9974914280076822"></String>
          </TextLine>
          <TextLine ID="line_23"
                    TAGREFS="LT8"
                    BASELINE="277 1322 1071 1327" 
                    HPOS="277"
                    VPOS="1280"
                    WIDTH="794"
                    HEIGHT="64">
            <Shape><Polygon POINTS="324 1287 321 1284 277 1280 277 1322 277 1334 323 1334 326 1335 336 1341 337 1341 338 1341 339 1341 403 1336 419 1335 424 1336 440 1341 441 1341 442 1341 462 1336 474 1334 487 1337 506 1342 507 1342 508 1342 509 1342 524 1337 534 1335 545 1337 565 1342 567 1342 636 1339 665 1337 668 1339 673 1343 674 1343 675 1343 677 1343 731 1340 783 1336 830 1341 845 1342 847 1342 848 1342 851 1341 864 1336 916 1342 941 1344 943 1344 974 1342 1048 1337 1068 1343 1071 1327 1071 1298 1056 1287 1055 1287 1054 1287 1053 1287 1052 1287 1019 1298 1018 1299 929 1299 902 1298 899 1295 888 1285 886 1285 885 1285 884 1285 883 1285 859 1294 856 1295 855 1294 843 1284 842 1284 841 1284 839 1284 687 1289 680 1289 679 1289 671 1282 670 1282 668 1282 667 1282 567 1284 565 1284 558 1286 538 1296 476 1296 439 1295 420 1284 419 1284 418 1284 417 1284 415 1284 397 1289 387 1282 386 1282 385 1282 384 1282 383 1282 360 1288 325 1285 324 1287"/></Shape>
	    <String CONTENT="le lecteur, ains auſsi s’arreſtant à leur gouſt,"
                    HPOS="277"
                    VPOS="1280"
                    WIDTH="794"
                    HEIGHT="64"
                    WC="0.9832113008109891"></String>
          </TextLine>
          <TextLine ID="line_24"
                    TAGREFS="LT8"
                    BASELINE="278 1370 1070 1373" 
                    HPOS="277"
                    VPOS="1329"
                    WIDTH="793"
                    HEIGHT="60">
            <Shape><Polygon POINTS="278 1370 277 1380 312 1387 313 1387 381 1382 496 1388 497 1388 499 1388 511 1382 524 1388 526 1388 527 1388 639 1383 688 1389 690 1389 1069 1382 1070 1373 1069 1343 953 1343 953 1342 938 1330 937 1330 936 1330 878 1330 877 1330 876 1330 875 1330 855 1342 834 1332 832 1332 831 1332 802 1336 782 1330 781 1330 780 1330 687 1333 686 1333 685 1333 685 1334 677 1341 647 1330 646 1330 645 1330 601 1339 589 1329 588 1329 586 1329 522 1329 521 1329 520 1329 494 1341 462 1329 461 1329 460 1329 459 1329 428 1341 407 1330 406 1330 405 1330 370 1336 362 1330 360 1330 359 1330 358 1330 357 1330 356 1330 340 1340 305 1332 304 1332 303 1332 278 1340 278 1370"/></Shape>
	    <String CONTENT="&amp; voulans y faire acommoder les autres, en¬"
                    HPOS="277"
                    VPOS="1329"
                    WIDTH="793"
                    HEIGHT="60"
                    WC="0.9975801415221636"></String>
          </TextLine>
          <TextLine ID="line_25"
                    TAGREFS="LT8"
                    BASELINE="278 1417 1074 1421" 
                    HPOS="277"
                    VPOS="1380"
                    WIDTH="797"
                    HEIGHT="58">
            <Shape><Polygon POINTS="277 1426 408 1436 410 1436 556 1430 568 1437 569 1437 570 1437 571 1437 677 1430 687 1437 688 1437 690 1437 691 1437 870 1431 909 1438 910 1438 978 1432 989 1438 991 1438 992 1438 993 1438 994 1438 1001 1432 1036 1437 1037 1437 1073 1430 1074 1421 1074 1394 1041 1387 1040 1387 970 1391 955 1392 953 1391 945 1384 944 1384 943 1384 941 1384 940 1384 927 1391 924 1394 864 1394 861 1390 851 1382 850 1382 849 1382 807 1381 806 1381 765 1389 750 1392 637 1392 632 1387 625 1382 625 1381 624 1381 623 1381 496 1381 495 1381 494 1381 493 1381 488 1385 487 1385 486 1385 479 1380 477 1380 476 1380 428 1380 427 1380 426 1380 425 1380 420 1384 414 1389 407 1384 401 1380 400 1380 399 1380 398 1380 397 1380 388 1384 385 1385 380 1383 367 1380 366 1380 365 1380 364 1380 363 1380 358 1383 350 1390 329 1383 322 1381 321 1381 319 1381 318 1381 311 1383 289 1389 281 1382 278 1417 277 1426"/></Shape>
	    <String CONTENT="trepoſent leur iugement, priſent ceci ou ce¬"
                    HPOS="277"
                    VPOS="1380"
                    WIDTH="797"
                    HEIGHT="58"
                    WC="0.9988079951568083"></String>
          </TextLine>
          <TextLine ID="line_26"
                    TAGREFS="LT8"
                    BASELINE="279 1464 1074 1469" 
                    HPOS="278"
                    VPOS="1425"
                    WIDTH="796"
                    HEIGHT="62">
            <Shape><Polygon POINTS="279 1464 278 1474 350 1476 378 1485 379 1485 380 1485 446 1477 452 1477 454 1477 476 1486 477 1486 479 1486 542 1480 616 1486 617 1486 618 1486 643 1479 649 1478 654 1479 675 1487 677 1487 678 1487 733 1481 746 1487 747 1487 748 1487 749 1487 772 1480 780 1479 1071 1484 1074 1469 1071 1439 1050 1440 1046 1438 1030 1430 1029 1430 1028 1430 995 1437 977 1443 922 1443 910 1436 903 1432 902 1432 900 1432 899 1432 892 1436 885 1439 882 1436 875 1430 875 1429 873 1429 872 1429 774 1429 773 1429 772 1429 770 1429 770 1430 766 1433 757 1440 649 1440 636 1432 634 1432 633 1432 632 1432 631 1432 630 1432 619 1440 571 1440 557 1430 555 1428 554 1428 552 1428 551 1428 541 1430 524 1432 492 1429 472 1426 470 1426 469 1426 468 1426 466 1428 459 1432 405 1426 394 1426 393 1426 392 1426 391 1426 376 1439 359 1439 279 1425 279 1464"/></Shape>
	    <String CONTENT="la le plus qu’ils peuuent, ſe faiſans acroire"
                    HPOS="278"
                    VPOS="1425"
                    WIDTH="796"
                    HEIGHT="62"
                    WC="0.9977642748090956"></String>
          </TextLine>
          <TextLine ID="line_27"
                    TAGREFS="LT8"
                    BASELINE="281 1512 1074 1517" 
                    HPOS="279"
                    VPOS="1476"
                    WIDTH="795"
                    HEIGHT="57">
            <Shape><Polygon POINTS="281 1512 279 1525 289 1531 290 1531 291 1531 292 1531 446 1525 451 1525 452 1525 477 1532 479 1532 480 1532 481 1532 482 1532 490 1526 561 1532 562 1532 654 1526 656 1526 657 1526 693 1533 694 1533 1073 1527 1074 1517 1071 1487 897 1490 893 1486 885 1480 885 1479 884 1479 883 1479 811 1478 810 1478 809 1478 808 1478 808 1479 798 1486 796 1488 592 1488 591 1486 579 1477 578 1477 577 1477 506 1477 504 1477 503 1477 502 1477 488 1486 474 1476 473 1476 472 1476 470 1476 387 1481 380 1476 379 1476 378 1476 296 1476 295 1476 294 1476 292 1476 281 1483 281 1512"/></Shape>
	    <String CONTENT="que lon doit ſuiure tout ce qu’ils trouuent"
                    HPOS="279"
                    VPOS="1476"
                    WIDTH="795"
                    HEIGHT="57"
                    WC="0.9956012506817662"></String>
          </TextLine>
          <TextLine ID="line_28"
                    TAGREFS="LT8"
                    BASELINE="279 1559 1074 1563" 
                    HPOS="279"
                    VPOS="1519"
                    WIDTH="795"
                    HEIGHT="62">
            <Shape><Polygon POINTS="1073 1534 979 1534 975 1532 952 1522 951 1522 950 1522 897 1529 888 1522 886 1522 885 1522 837 1522 836 1522 835 1522 834 1522 824 1529 821 1532 797 1528 742 1521 741 1521 740 1521 739 1521 729 1527 722 1532 706 1527 693 1524 692 1524 691 1524 690 1524 683 1527 673 1532 619 1532 612 1526 605 1520 604 1520 603 1520 602 1520 567 1525 549 1527 545 1525 540 1520 538 1520 537 1520 536 1520 510 1524 496 1526 481 1524 463 1520 462 1520 461 1520 455 1522 447 1527 442 1522 438 1519 436 1519 435 1519 434 1519 417 1522 383 1529 352 1521 344 1519 343 1519 342 1519 340 1519 332 1521 302 1529 281 1520 279 1559 279 1576 431 1572 447 1576 455 1579 456 1579 458 1579 473 1576 495 1573 528 1576 564 1580 565 1580 567 1580 579 1576 591 1573 609 1576 631 1580 632 1580 687 1575 714 1574 725 1575 753 1581 754 1581 817 1575 824 1575 830 1575 883 1581 884 1581 885 1581 886 1581 893 1575 895 1575 1073 1575 1074 1563 1073 1534"/></Shape>
	    <String CONTENT="bon. Si en cela ils procedoyent à la bonne"
                    HPOS="279"
                    VPOS="1519"
                    WIDTH="795"
                    HEIGHT="62"
                    WC="0.9907825131748997"></String>
          </TextLine>
          <TextLine ID="line_29"
                    TAGREFS="LT8"
                    BASELINE="278 1609 1074 1611" 
                    HPOS="277"
                    VPOS="1569"
                    WIDTH="797"
                    HEIGHT="59">
            <Shape><Polygon POINTS="278 1609 277 1620 309 1627 310 1627 343 1621 404 1627 405 1628 494 1628 494 1627 495 1627 496 1627 504 1621 506 1621 507 1621 583 1627 584 1627 617 1621 619 1621 625 1621 735 1628 736 1628 1073 1621 1074 1611 1071 1575 1053 1579 1047 1575 1042 1570 1041 1570 1040 1570 1015 1570 1014 1570 1013 1570 1012 1570 1007 1574 999 1581 910 1575 909 1575 907 1575 906 1575 898 1582 817 1582 807 1574 806 1573 804 1573 803 1573 802 1573 801 1573 797 1574 780 1581 759 1574 748 1570 747 1570 746 1570 745 1570 743 1570 739 1574 728 1581 686 1575 685 1575 684 1575 683 1575 674 1581 645 1581 636 1573 631 1569 630 1569 629 1569 557 1569 556 1569 555 1569 554 1569 548 1573 543 1576 530 1573 516 1569 515 1569 514 1569 479 1573 454 1575 447 1573 439 1569 438 1569 436 1569 278 1572 278 1609"/></Shape>
	    <String CONTENT="foy, il ſeroit aiſé de s’accorder ou ne point"
                    HPOS="277"
                    VPOS="1569"
                    WIDTH="797"
                    HEIGHT="59"
                    WC="0.9920216591461845"></String>
          </TextLine>
          <TextLine ID="line_30"
                    TAGREFS="LT8"
                    BASELINE="278 1656 1073 1658" 
                    HPOS="277"
                    VPOS="1616"
                    WIDTH="796"
                    HEIGHT="52">
            <Shape><Polygon POINTS="278 1656 277 1665 1070 1668 1073 1658 1071 1625 973 1625 973 1624 966 1618 965 1618 964 1618 963 1618 961 1618 944 1623 936 1617 934 1617 933 1617 932 1617 896 1623 800 1617 798 1617 797 1617 796 1617 786 1624 783 1625 729 1625 728 1624 721 1617 720 1617 719 1617 692 1617 691 1617 633 1623 606 1616 605 1616 604 1616 548 1623 547 1623 545 1623 527 1616 526 1616 524 1616 278 1622 278 1656"/></Shape>
	    <String CONTENT="s’arreſter à leur dire. Mais il ſeroit à deſirer"
                    HPOS="277"
                    VPOS="1616"
                    WIDTH="796"
                    HEIGHT="52"
                    WC="0.9888686430454254"></String>
          </TextLine>
          <TextLine ID="line_31"
                    TAGREFS="LT8"
                    BASELINE="279 1705 1073 1701" 
                    HPOS="278"
                    VPOS="1664"
                    WIDTH="795"
                    HEIGHT="68">
            <Shape><Polygon POINTS="279 1705 279 1726 378 1723 383 1726 390 1732 391 1732 392 1732 393 1732 426 1725 429 1725 433 1725 458 1732 459 1732 460 1732 461 1732 479 1725 485 1721 575 1721 582 1724 597 1731 598 1731 599 1732 626 1732 626 1731 627 1731 629 1731 637 1724 638 1723 640 1724 663 1731 664 1731 665 1731 666 1731 667 1731 679 1723 686 1728 687 1728 688 1728 690 1728 721 1723 731 1721 733 1723 745 1728 746 1728 747 1728 748 1728 770 1723 774 1721 779 1723 806 1731 807 1731 808 1731 886 1730 888 1730 914 1721 918 1720 919 1721 930 1730 931 1730 932 1730 933 1731 991 1731 991 1730 992 1730 993 1730 993 1728 1002 1720 1004 1720 1071 1720 1073 1701 1070 1664 1034 1664 1033 1664 1032 1664 1030 1664 1030 1665 1019 1675 975 1665 972 1665 971 1665 970 1665 968 1665 968 1666 958 1676 854 1676 841 1668 835 1664 834 1664 832 1664 831 1664 830 1664 821 1669 806 1676 787 1669 779 1666 777 1666 776 1666 775 1666 768 1670 757 1673 739 1670 719 1666 718 1666 716 1666 706 1671 693 1676 687 1671 681 1665 680 1665 679 1665 661 1665 660 1665 659 1665 640 1672 632 1676 588 1676 583 1673 574 1665 572 1665 571 1665 543 1665 542 1665 436 1666 435 1666 406 1675 390 1668 388 1668 387 1668 386 1668 363 1677 302 1669 301 1669 299 1669 278 1677 279 1705"/></Shape>
	    <String CONTENT="au temps preſent que les hiſtoriens ne ſlataſ¬"
                    HPOS="278"
                    VPOS="1664"
                    WIDTH="795"
                    HEIGHT="68"
                    WC="0.9936467512794163"></String>
          </TextLine>
        </TextBlock>
        <TextBlock HPOS="990"
                   VPOS="1715"
                   WIDTH="93"
                   HEIGHT="59"
                   ID="block_2"
                   >
          <Shape><Polygon POINTS="1083 1715 1083 1774 990 1774 990 1715"/></Shape>
          <TextLine ID="line_32"
                    TAGREFS="LT8"
                    BASELINE="992 1753 1076 1751" 
                    HPOS="989"
                    VPOS="1713"
                    WIDTH="87"
                    HEIGHT="62">
            <Shape><Polygon POINTS="992 1753 995 1775 999 1771 1075 1773 1076 1751 1073 1721 1027 1721 1002 1713 1001 1713 1000 1713 999 1713 998 1713 998 1714 989 1720 992 1753"/></Shape>
	    <String CONTENT="ſent"
                    HPOS="989"
                    VPOS="1713"
                    WIDTH="87"
                    HEIGHT="62"
                    WC="0.9997322261333466"></String>
          </TextLine>
        </TextBlock>
      </PrintSpace>
    </Page>
  </Layout>
</alto>
