1138 2000
71 115 134 48 1562

381 100 234 63 Liur. UI.

814 101 78 55 199

66 184 824 36 les plus proenes deidites villes, lelquenes leront exprel¬

70 203 276 52 ſement ſpecifiees.

117 276 17 16 4

157 240 730 52 DATANTAGE ledit ſeigneur Prince, pour don¬

71 281 818 49 ner mieux à cognoiſtre ſon affection ne tendre qu’au

70 317 817 54 repos de ce Royaume, ſe ſouſmet que ledit miniſtere

71 357 818 51 ſoit ſeulement exercé es lieux où il y a eu pre dications

72 397 817 55 deuant que les armes ayent eſté prinſes, & aup arauant

78 437 209 47 ces tumultes.

116 470 775 52 iij QVE neantmoins il ſera permis à tous gentilſ¬

80 530 811 31 nommes, Darons, Chaitelains, ou nauts iuiticiers, & non

77 551 812 49 autres de pouuoir iouïr de ce meſme benefice en leurs

76 586 807 52 maiſons, tant pour eux, leurs familles, que ſuiets qui s’y

77 632 812 42 voudront trouuer ſans y eſtre forcés ni contraints. Et

77 664 809 52 cependant plaira à ſa maieſté permettre à ceux qui reſi¬

76 703 813 51 deront és autres lieux où il n’y aura point eu de predi¬

77 741 813 46 cations de demeurer en ſeureté de leurs biens & perſon

78 778 811 52 nes, ſans eſtre contraints de rien faire contre leur con¬

77 817 814 56 ſcience: auec liberté d’aller aux villes prochaines pour

81 856 410 54 l’exercice de leur Religion.

114 892 773 54 iiij QVANT aux autres articles dautant qu’ils

81 934 803 48 ſemblent eſtre accordés on n’en fait point de men¬

81 990 84 33 Hon¬

125 1006 768 56 TOST apres ladite dame, apres auoir bien conſideré

80 1048 813 47 ceſte reſponſe du Prince, & pris ſur ce l’aduis du conſeil

80 1087 811 48 du Roy fit ſeulement adiouſter ces mots au deſſous d’i¬

83 1131 479 47 celle reſponſe qu’elle renuoyoit:

123 1164 766 53 QVANT à Paris & la Baulieue, on tient pour tout

84 1206 472 48 reſolu qu’ils en ſeront exceptés.

121 1235 774 52 ET au deſſous. Accordé par la Royne au conſeil du

84 1302 811 29 Roy tenu à l’aris le troſſeime lour de Decembre IIiii

84 1316 812 49 cinq cens ſoixante deux. Et fut ledit eſcrit renuoyé à

86 1366 807 44 Ihomuis feig neur le nimee fgne de la main dudit de

88 1394 805 56 l’Aubeſpine, adiouſtant que le lendemain la Royne ſe

86 1438 493 48 declareroit plus auant au moulin.

124 1471 773 51 LE lendemain donques IIII. du mois la meſme com¬

92 1512 807 52 pagnie ſe retrouuant au moulin l’eſcrit fut releu & reſo¬

93 1548 807 53 lu d’vn commun accord: & ſur l’heure dautant qu’il n’a¬

94 1588 808 49 uoit encores eſté parlé des ſeuretés & qu’il eſtoit auſſi

94 1644 809 34 beſoin d’eſclarcir quelques mots des articſes precedes, le

95 1666 806 64 Prince preſenta de nouueau les articles ſuiuans, leſquels

223 1710 191 55 II Volume

683 1704 94 56 N iiij
