4096 6795
732 517 1823 219 DE NOSTRE TEMPS. LIV. IX.

3152 483 151 151 719

2876 570 593 154 CHARLES 9.

305 687 2900 192 les Poiteuins (qui ſur tous inſiſtoient à la pourſuitte de la victoire, notamment à la prinſe

313 815 2876 155 de Fontenay, principale du bas Poitou, ſans laquelle ils ne pouuoient dormir à leur aiſe

305 894 2890 159 hors Marans, quelque victoire qu’ils euſſent eu) ſe preſentent en veuë des Catholiques le .9. 1uin.157o.

317 1007 2861 148 dix-ſeptieſme luin, aux faux-fourgs & porte Sainct Michel, & le lendemain le reſte de

309 1109 2880 144 Iarmee, n’ayant pour lors que trois ou quatre berches, & menuës pieces dont ils batrirẽt

305 1189 2890 153 le chapeau de la porte, ou Bompas auoit caché nombre d’harquebuziers, qui pour reſpõ- Faureng eßic¬

311 1285 2867 170 dte à la premiere ſommation de ſe rendre, ne parloient qu’harquebuzades, deſquelles ils gé.

313 1400 2873 143 tiroient inceſſamment. Ils batirent auſſi le pont & ſes bras pour le faire tomber, & ſeruir

317 1491 2857 158 de planches à ceux qui euſſent porté le feu à la porte pour y entrer. Mais les bras rompus,

313 1593 2873 151 le pont fut empeſché de tomber par les crampons que les aſſiegez mirent au derriere. Ce

313 1691 2869 147 que voyans les Confederez eſſayerent ſaper quelques endroits des murailles, & en meſme

324 1785 2850 144 temps faiſoient ſemblant de miner ailleurs, pour les eſtonner d’auantage. Mais les aſſiegez

328 1883 2835 151 failoient auſſi mine de tenir en gens reſolus, & ne ſe monſtroient chiches d’arquebuza¬

313 1978 2861 154 des, comme s’ils euſſent eſté aſſeurez du prochain ſecours de Puygaillard. Somme que

317 2083 2857 136 Voyans les Confederez ce deuoir de defenſe, firent deſcendre aux Loges, vn canon &

313 2178 2861 139 moyenne, pour battre ce cartier qui leur ſembla de moindre force. Dont les tenans com¬

309 2276 2865 147 mencerent à s’eſtonner. Surquoy la Nouë iugeant ceſt endroit incommode pour la bat¬

309 2370 2862 140 terie: mõte vers la porte Sainct Michel tout ſeul, pour en remarquer vn autre moins ſou¬

305 2446 2861 170 Rtenable & plus commode pour l’aſſaut, breche raiſonnable. Comme il remarquoit (non- La Nnse bleſe

305 2548 2861 141 obltant les harquebuzades qui luy pleuuoient du chaſteau) en peu de temps ſe ſentit bleſ- aubras.

309 2661 2854 147 leau bras gauche, duquel vne balle luy auoit rompu l'os, & s’en trouua peu à peu telle¬

309 2759 2846 147 ment offenſé, que crainte que le venin ne montaſt plus haut à la perte de tout le corps,

317 2857 2850 147 ouque la playe ne s’iſtiomenaſt, & tombaſt en grangrene, (choſe incurable) fut conſeil¬

317 2952 2857 151 ele faire couper, arriué qu’il fut à la Rochelle, où il fut ſoudain mené, laiſſant Soubize

305 3020 480 166 chef de l'armee.

381 3140 2790 136 Auec l'eſtat de ce chef,le deſſein de l’armee ſe changea. Car voyant les plus vieux des

313 3246 2858 147 confederez, tant le deuoir des Catholiques qui ne parloient de compoſer, que le peu de

305 3340 2858 155 lotces de deux pieces qu’ils auoient; leſquelles n’euſſent ſçeu abbattre tant de murailles,

305 3435 2850 151 Ne taire ſi grande breche en quatre heures, qu’vne femme n’euſt rẽparé en moins de deux,

309 3533 2858 143 Mus forte que deuant, eſtoient d'auis de ſe retirer. Ioint le bruit qui couroit des forces que

288 3618 2867 141 gaillard raſſembloit, de ſes deſſeins à les venir trouuer, & meſme que la Royne de Na¬

313 3729 2842 147 marte les auoit aduerty de l’acheminement du Prince Dauphin, qui deſcendoit en Poitou,

311 3810 2827 165 redreſſer vne plus grande armee que deuãt: ioindre les forces de Monluc, Des-Cars,

317 3922 2842 143 ANuiere Puytaillé, & autres de Guyenne, auſquels il commanderoit en tiltre de Lieute¬

311 4009 2850 141 pour ſa Majeſté. Tout celà diſputé d’vne part & d’autre, fiſt que la pluſpart conclurẽt

305 4118 2850 151 dadelcampement. Et ſelõ ceſt aduis l'artillerie fut miſe en eſtat, preſte de la faire tirer iuſ¬

317 4212 2842 151 ques à l’eau pour delà couler à Marans, ſi l’opiniaſtre reſolution des Poiteuins, n’euſt mis

324 4311 2831 151 Maire en longueur, pour gaigner temps, & veoir vne fin du ſiege. Sur ce debat d’opi¬

313 4409 2846 147 sons, le temps ſe paſſoit: touſiours s’entretenoient neãtmoins les eſcarmouches des ſol¬

328 4511 2816 147 O & conſequemment auec la poudre & autres munitions, diminuoit peu à peu le cou¬

305 4592 2844 147 ge aux aſſiegez.Tellement qu’ils n’eurent pluſtoſt deſcouuert le remuément des pieces,

309 4696 2846 154 qu’on tiroit du lieu où l'on les auoit placé en batterie, pour les mettre en queuë des che¬

311 4790 2838 159 *, ia preſts & attelez pour les mener ſur l’eau) iugerent ſoudain que c’eſtoit pour les

309 4892 2850 155 uer vers le quartier Sainct Michel, y faire breche & emporter la ville d’aſſault, qu’ils

294 4994 2865 151 enſoient ne pouuoir ſouſtenir. Occaſion que ſommez de ſe rendre, n’eurent pluſtoſt de¬

302 5084 2850 155 mandé compoſition de vie, armes & bagues ſauues, qu'elle leur fut donnee par Soubize,

309 5183 2843 154 rauures Proteſtans, qui les laiſſerent aller à Niort, porter les nouuelles de ceſte redditiõ,

309 5285 2850 154 aute le vingt-huitieſme Iuin, ſans l'aduis du Maire Rapin: lequel extremement hay par

317 5481 2850 143 ons de ce que Landereau s’eſtoit reduit au ſeruice du Roy, eſtoit curieuſement recherché

300 5373 2861 159 Proteſtans, pour s’eſtre formellement bandé contre-eux, & l’vne des premieres occa¬

283 5566 2878 249 CTous pour le faire mourir. Mais voyant la ville renduë, & ſes compagnons ſortir, (aues
