1192 1885
459 54 245 72 de Sauoye.

881 73 58 55 29

141 123 802 81 Frauçois ſon fils, enuoya pluſieurs

145 229 799 40 perlomlases à diuerles lois vers

147 261 797 75 Charles 9. Duc de Sauoye, frere cõ¬

145 328 803 76 ſanguin de Madame ſa mere; à fin

144 392 800 71 d’auoir raiſon de ſes droicts, con¬

146 468 795 71 cernans tant le partage de ſa mere,

147 528 792 75 que la ſucceſſion de ſon frere Phi¬

145 600 799 73 libert: mais preuenu par les hautes

147 663 799 75 paſſions de ſa femme ſœur de

147 738 794 68 l’Empereur, ou autre occaſion, n’y

148 804 799 66 voulut entendre, & meſme refuſa

147 872 798 73 paſſage au Roy qui vouloit entrer

148 938 796 75 par ſon pays en Italie, nõ tant pour

148 1006 796 70 vanger (comme aucuns diſent) ſur

146 1068 798 77 Loys Sforce Duc de Milan, l’indi¬

147 1137 799 76 gne mort de ſieur de Merueilles

146 1205 802 74 ſon Ambaſſadeur qu’il auoit faict

146 1277 798 72 decapiter, que pour prendre poſ¬

145 1339 801 73 ſeſſion du Duché de Milan & de

146 1406 797 75 ſes dependances comme ſeul & le¬

146 1476 796 71 gitime heritier du Duc decedé sãs

144 1544 799 81 hoirs le 24. Octobre 1535. encor que
