4096 5860
1139 276 742 209 DIXIEME.

166 491 2461 176 Vitelli (General pour les Florentins) aſſiegeant Bibien¬

156 618 2474 163 ne:car voyant le Comte de Petiglian, venir au ſecours

156 725 2478 173 des aſſiegez, en faueur des Venitiens, luy fiſt teſte au

156 843 2481 166 pas Saint Eſtienne, & l’empeſcha de paſſer. Toutesfois

159 960 2475 153 les Princes n’adreſſerent leur chemin par là: ains auoir

156 1071 2474 166 paſſé la Dordone, tirerent en Querci, & au deſſous de

162 1185 2472 169 Cadenat paſſerent le Lot: d’où furent à Mont-auban, en

166 1318 2464 153 Nouembre, comme ie vous diray cy apres, pour parler

162 1422 2472 166 de la ville de Niſmes, qui en ce temps ſurprinſe ſur les

166 1533 2471 163 Catholiques, ſeruit merueilleuſement aux Princes, qui

172 1683 2458 130 y accommoderent leur armee, ſi laſſe & haraſſee du

169 1771 1911 162 long voyage qu’elle faiſoit en Languedoc.

283 1878 2357 159 Niſmes eſt l’vne des belles & marchandes villes du

169 1995 2478 143 Languedoc, à demye iournee du Rhoſne: & aſſez pres de

172 2106 2475 166 la mer de Leuant: remarquable au reſte, tant pour les

175 2230 2475 156 anciennetez Romaines, qui s’y voyent plus ordinaires

182 2344 2465 156 qu’en lieu de la France:meſmement à l’Amphiteatre:la

188 2454 2462 147 Tour Romaine, (qu’on appelle la Tour Magne au Ca¬

175 2571 2472 160 pitole) Temples, & autres lieux pleins de ſingularitez,

182 2685 2471 163 que pour la beauté, & richeſſes du pays. Auſſi les Ro¬

179 2809 2477 150 mains en faiſoyent vn grand eſtat, & la mettoyent au

188 2923 2475 153 premier rang de la Gaule Narbonnoiſe. Pour telles, &

182 3037 2481 153 autres commoditez, les Catholiques mettoyent toute

185 3151 2475 146 peine de ſe la maintenir deuotieuſe, ſous le Gouuerne¬

185 3262 2481 146 ment de Saint André, & y viuoyent les Proteſtans aſſez

192 3379 2474 156 mal à leur aiſe, pour ſe voir ſuietz aux rigoureuſes loix

198 3496 2468 140 des garniſons. Les Confederez du pays, voyans que

195 3607 2471 143 leurs partiſans y eſtoyent ſi clos, & couuerts, qu’ilz n’a¬

198 3727 2471 130 uoyent, ny les moyens de les y receuoir, ny la hardieſſe

201 3838 2465 150 de l’entreprendre, pour la ſoigneuſe garde, & encor

201 3955 2468 143 plus animeuſe recerche du Gouuerneur:auec ce que les

201 4072 2472 130 ſentinelles, & corps de garde poſez, tant à la porte des

205 4180 2468 156 Preſcheurs, à celle de la Couronne, qu’és autres en¬

214 4300 2462 134 droits, ſembloyent tenir tout en ceruel: n’eſtoyent ſans

218 4404 2455 160 ſe brouiller l’imaginatiue, pour ſubtilizer le moyen de

224 4525 1449 130 I’enleuer hors de leur puiſſance.

332 4635 2350 140 En ces alteres, comme la neceſſité nous ſubtilize &

224 4753 2445 201 affine l’eſprit à choſes eſtimees impoſſibles: ils remar¬
