4200 6704
1211 89 1323 268 NEVFIEME.

3111 137 231 216 565

398 316 2944 261 cedent, ce qui ne fut toutesfois que monſtre,

402 528 2959 201 meſmes que l’Artillerie des Catholiques n’en

406 700 2955 193 parla onques puis, ſinon deux ou trois coups

402 852 2963 198 qu’elle ietta ſur le corps de garde du Capitaine

402 1016 2970 183 Saint Iean, auec moins de mal toutesfois, que de

398 1176 2974 190 bruit & eſpouuantement d’ancuns: ſe continuant

395 1355 3044 179 I’eſcarmouche du cone de la battaille, come au

391 1486 2977 204 iour precedent. Ce qui donna occaſion à quel¬

409 1649 2956 198 ques Proteſtans, de penſer, & meſme de donner

398 1806 2970 197 aduis à l’Almiral de la belle occaſion qui ſe pre¬

398 1962 2874 209 ſentoit, pour rompre l’armée des Catholiques.

562 2122 2803 205 Leur conſeil eſtoit de prendre de tous les Re¬

413 2279 2970 212 giments iuſques à cinquante des plus reſolus, &

409 2443 2963 205 à l’eſgal, des Fantaſſins le tiers. De tout cela ſou¬

413 2603 2963 201 ſtenu d’vn bon nombre de harquebuziers, don¬

417 2763 2959 194 neroyent ſur le ſoir, teſte baiſſée ſur la Battaille:

413 2919 2959 213 leſquels, en cas qu’ils ne trouuaſſent grande reſi¬

417 3087 2963 186 ſtence, ſeroyent ſecondés par les autres Caual¬

409 3247 2974 205 liers, qui auroyent en queuë le reſte de l’Infan¬

421 3407 2955 205 terie eſleuë, auec laquelle ils feroyent le plus

421 3571 2962 198 d’execution qu’ils pourroyent. Cependant l’au¬

424 3735 2959 186 tre troupe paſſeroit l’eau au lieu du iour prece¬

417 3880 2970 209 dent: afin de charger en teſte, ou ſouſtenir les pre¬

421 4037 2962 205 miers aſſaillans, ſelon que le hazard y voudroit

417 4204 2966 179 careſſer leur entreprinſe. Et notamment ils vou¬

421 4365 2955 186 loyẽt que l’attaque fuſt faite du coſté de la Bat¬

417 4514 2966 212 taille, comme moins ſuſpect, pour le ſit & naturel

413 4700 2963 190 du lieu, & le moins gardé: à quoy ils s’affection¬

421 4849 2959 193 noyent d’autant plus, à cauſe qu’on auoit ſur le

413 4998 2963 190 declin du iour ia deſcouuert, que les Catholiques

421 5180 2959 190 vouloyent deſcamper, ou pour certain, ſe ioindre

417 5325 2966 205 & vnir tous enſemble: ayant fait ſerrer le corps

421 5486 2959 201 de la Battaille, ioignant celuy de l’Auant-gar¬

421 5638 2959 295 de: meſmes quelques fuitifs, Lands-Knechts &
