4096 5804
1038.0 322.0 803.0 135.0 NEVFIEME.

2654.0 325.0 139.0 197.0 305

151.0 473.0 2480.0 168.0 pres de Moncoutour, auoyent auſſi prins le chemin de

151.0 596.0 2480.0 161.0 Partenay, où en meſme temps ils ſe rencontrerent. Ceſte

154.0 709.0 2477.0 161.0 ville leur vint bien à propos. Car le Capitaine Allard, a¬

148.0 848.0 2483.0 125.0 uoit receu charge de ſe diligeuter le plus qu’il pourroit,

145.0 947.0 2489.0 146.0 toute l’apreſ-diſnee du Lundy pour y aller, & le prendre,

145.0 1057.0 2499.0 139.0 & y mettre deux ou trois enſeignes. Car auparauant il en

151.0 1170.0 2493.0 148.0 auoit touſiours eſté Capitaine. Mais l’Amiral auoit en

151.0 1283.0 2483.0 155.0 meſme temps deſpeſché l’Aubouiniere de Chailé en Poi¬

148.0 1399.0 2470.0 155.0 tou, pour s’y retirer: ce qu’il fiſt en telle diligence, qu’il y

154.0 1550.0 1984.0 117.0 arriua queique peu de temps ucuanc Ahlaid.

264.0 1621.0 2374.0 158.0 Les Princes, & Proteſtans perdirent à ceſte iournee

150 1731 2493 145 trois mil Lanſquenetz, & bien quinze cents François: lel des mortz

150 1866 2503 126 nombre des morts qui y furent trouuez ſemble bien plus de a part

159 1954 2484 164 grand: mais la pluſpart eſtoyent gouiatz ou ſeruiteurs. des Prere¬

164.0 2086.0 2461.0 151.0 Tous furent enterrez par le commandement de ſon Ex¬

154.0 2195.0 2471.0 152.0 cellence, & enioint à tous les Villages, Cenſes, & Bourgs,

158.0 2315.0 2476.0 148.0 d’enterrer ceux qui eſtoyent les plus pres d’eux. De la Ca¬

151.0 2424.0 2490.0 158.0 uallerie pres de trois cents, & beaucoup de cheuaux morts

164.0 2547.0 2474.0 142.0 ou bleſſez:car les Reitres meſmement ne tiroyent la pluſ¬

158.0 2653.0 2473.0 149.0 part qu’aux cheuaux, ſachant bien que leurs ennemis e¬

154.0 2769.0 2480.0 149.0 ſtans par terre, ou autrement, ne pouuant faire le deuoir,

158.0 2879.0 2476.0 151.0 le Cauallier vient bien toſt à raiſon. De gens de nom, au¬

158.0 2998.0 2480.0 152.0 cun n’y fut tué que Tanegy du Bouchet, eſcuyer de Puy¬

161.0 3111.0 2480.0 152.0 greffier, qu’on nommoit Saint Cyre en Poitou, l’vn des

158.0 3247.0 2486.0 125.0 plus anciens & reſolus Gendarme de la France: lequel en

158.0 3337.0 2486.0 145.0 combatant vaillamment, fut porté par terre, & tué ſur le

158.0 3450.0 2486.0 151.0 champ:comme Dautricourt, Biron frere du Catholique,

154.0 3563.0 2493.0 141.0 & Saint Bonet, enſeigne de la compagnie de l’Amiral. La

161.0 3675.0 2477.0 155.0 Nouë fut fait priſonnier, comme auſſi le Colonel d’Acier,

161.0 3795.0 2483.0 138.0 apres qu’il eut viuement enfoncé les Reitres Catholi¬

167.0 3911.0 2474.0 138.0 ques qui le chargerent. L’Amiral receut d’vne piſtolade

161.0 4027.0 2477.0 129.0 entre le nez & la iouë gauche, & ſon cheual bleſſé. Plu¬

158.0 4133.0 2476.0 152.0 ſieurs autres: meſmement des Reitres, y furent bleſſez,

164.0 4249.0 2474.0 155.0 qui depuis preſque tous guarirent à la Rochelle. Toute

158.0 4362.0 2476.0 155.0 l’Artillerie gaignee auec ſon equippage. Le bagage des

158.0 4478.0 2476.0 145.0 Reitres tout pillé, fors les cheuaux que quelques vns de

161.0 4591.0 2470.0 155.0 leurs ſeruiteurs ſauuerent. Celuy des François fut ſauué,

164.0 4710.0 2464.0 220.0 pour eſtre le plus auancé ſur le chemin de Partenay & de

2064.0 4852.0 45.0 136.0 2

2744.0 1670.0 303.0 158.0 Nombre

2641.0 2063.0 226.0 161.0 ſtans.

2670.0 573.0 358.0 149.0 Partenay.
