4096 5988
1493 232 1814 170 L'HISTOIRE DE FRANCE

875 352 2918 166 François ne faiſoyent courir autre bruit que d’vn deſir de bataille & que le Roy ne deman¬

875 485 2911 110 doit autre occaſion que celle que le lieu & le temps luy preſentoint. Aſçauoir eſtant là pres

875 568 2914 120 en vne ſi belle &eſpacieuſe plaine luy preſenter la bataille ou de ſommer cete ville ſelon l’ac

875 662 2911 113 cord de neutralité de luy faire ouuerture & luy donner viure comme à ſon ennemy. Par¬

878 745 2905 136 tant d’vne traitte de ce lieu pres de Perõne les François furent cãpez à deux petites lieuës

878 848 2908 123 pres Cambray. Et le lendemain des la poincte du jour le Roy fait mettre toute ſon armée

878 941 2911 110 en bataille preſte à combattre: enuoyant ſon heraut d’armes pour la ſommer de ſon deuoir

878 1031 2911 106 leur faiſant entendre qu’il n’eſtoit la venu pour les fouler. Mais pluſtoſt pour les remettre

881 1111 2908 126 &aſſeurer en leur premiere liberté. Laquelle il ſauoit auoir eſté desja corrompuë par l’Em

881 1207 2905 133 pereur dont fils vouloyent ſe vanger & mettre hors de cete ſeruitude, ne pourroyent deman¬

881 1297 2905 140 der meilleur moyen que ſa venuë. Que ſi l’Empereur y voulloit quereller autres auanta¬

881 1403 2902 123 ges: il eſtoit là en perſonne pour luy monſtrer & le combattre auec ſes forces ſur le contrai¬

878 1490 2905 126 re. S’y autrement le faiſoyent ils ſeroyent cauſe de beaucoup de mal pour eux. Premiere¬

878 1580 2901 113 mẽt de perdre ce tiltre & priuilege d’eſtres dicts n’eutres, qui eſt de n’eſtre affectionnez à

878 1673 2895 123 la querelle de l’vn ne de l’autre: d’où leur venoit la liberté de traficquerés pays de cha¬

878 1756 2911 123 cun deux. D’auantage exempteroyent leur plat pays des miſeres de la Guerre.Autrement

878 1852 2905 120 qu’ils demeureroyent à perpetuité ſujects a tailles & emprunts, ſubſides &toutes exactions.

881 1939 2908 140 Et plus encor au danger deſtre compris és diuers trauaux auſquels vn pays particulier eſt

881 2039 2905 129 abandonné & couſtumier a ſouffrir pour ſonPrince. Sõme qu’ils demanderent au Roy vint

881 2135 2895 117 quatres heures deux fois pour y auiſer &luy en rendre reſpõce. Ainſi le Roy fit reculler ſon

881 2228 2895 113 Camp vne grande lieuë plus arriere: Eſtant logé a Creuecœur des apartenances de la Roy

881 2308 2898 133 ne. Et fut crié par toute l’armée que perſonne n’euſt à prandre choſe quelconque au teri¬

881 2401 2905 123 toire de Cambray ſans payer à peine de punition corporelle. Durant le delay les partiſans

881 2488 2902 126 de l’Empereur dans Cambray firent ſçauoir à l’Empereur ceſte ſemonce qui eſtoit à Bru¬

881 2581 2908 136 xelles. Lequel pour les conſoler & releuer deſpoir & courage leur: remontra pluſieurs cho¬

881 2674 2898 127 ſes. Entre autres qu’ils releuoyẽt de la chãbre de l’Empire & qu’il eſtoit Empereur pour les

885 2781 2891 119 garder & deffendre non vn Roy de France qui ne cerchoit que leur ruines. Si que leur a¬

888 2860 2898 127 uoir mis deuant les yeux l’exemple de Mets promit aux Deputez là où ils ſeroyent aſſiegez

888 2967 2895 110 de les ſecourir en tout & par tout. Et deſlors manda auPrince de Piemont qui feſtoit recu¬

885 3043 2908 120 lé auec ſon armée deuers Vallencienne: de leur donner tout le ſecours qu’ils demanderoyẽt

888 3147 2898 113 & leur ſeroit de beſoin: y eſtans ordonnez pour Chefs & principaux Gouuerneurs les

888 3243 2898 110 Comtes de Boſſu & de Brabãſon. Le temps du delay expiré: encor que le Roy ſeuſt toutes

888 3329 2898 114 ces nouuelles, les enuoya dere chef ſommer pour luy en rendre reſolution. Mais ils mãderẽt

891 3419 2895 120 s’il plaiſoit à ſa Majeſté qu’ils eſtoyent tous contens demeurer ſes humbles voiſins & amis

891 3689 2892 123 Parquoy eſtoyent hors de leur liberté & puiſſance de plus en pouuoir diſpoſer. Sur ceſte

888 3779 2888 126 reſponce & douce excuſe, ceſte ville fut jugée ennemye. Et ce jour meſme huitiéſme de Sep

891 3878 2892 117 tembre le Conneſtable auec deux Regimens de Gendarmerie & trois ou quatre cens Che¬

891 3975 2888 110 uaux legers & de Rierebans ſuiui de l’Amiral auec dix Enſeignes de Fanterie Françoi¬

891 4251 2878 113 tes parts.Meſmemẽt de la Citadelle qui faiſoit trãbler la terre des Coups d’artilleries quel¬

888 4327 2888 134 le tiroit ſur les François-ſortans Soldats auec cela auſſi eſpais de la ville que frelons de quel

888 4434 2891 120 que trou d’arbre apres celuy qui les auroit irritez: ſouſtenuz toutesfois & les eſcarmouches

888 4520 2891 127 ſi dextrement reprinſes quelles continuerent ſix jours entiers en l'vne deſquelles fut tué de

888 4614 2885 116 Breze Cap. de l’vne des gardes Frãçoiſe & deuant la Citadelle Coruet Cap. d’vne Cõpa¬

895 4707 2878 113 nie de gens pied Françoiſe. Des Bourguignõs y furẽt pris & amenez priſonniers de Reputa

888 4800 2881 113 tion le Cõtede Pondeuaux de la Frãche Cõpte, de Trelon du duché de Luxenbourg & au¬

891 4876 2875 130 tres. Ce pendãt Bourdillon enuoya au Roy par Neuuy Enſeigne de ſa cõpagnie deux Cor¬

888 4966 2881 133 nettes des Bourguignõs rõpuz & deffaits à laHaiette prez de Maubert fõtaine y eſtãt demeu¬

891 5059 2878 140 ré priſõnier le Gouuerneur de Cimetz, l’vn de leurs Chefs. Seſtãt de viteſſe & à biẽ fuir à ſau¬

888 5153 2878 126 le baſtard d’Auanes lautre de leurs conducteurs. Or pour retourner deuant Cambray. Elle

888 5242 2885 187 fut parfaitement reconuẽ& fut trouué ſelon lauis de ceux qui la viſiterent par dehors d'vn

3600 5335 169 124 bon

582 272 299 130 septembre.

585 375 170 143 1553.

628 3456 247 130 Reſponce

602 3542 296 107 2u Roy par ne refuſans de luy donner viures. Ma is qu’ils n’eſtoyent adonc les Maiſtres de leurs biens

595 3621 289 114 ceux Cam- propres que l’Empereur malgré eux auoit enuoyé gens dans leur ville & groſſes garniſons.

598 3679 144 140 bray.

615 4085 272 99 Eſcarmou- ſe: fut reconoiſtre & viſiter tout au tour. Mais au lieu qu’au parauant on euſt ouy chanter vn

598 4158 288 109 che deuant poulet au dedans: on n’entendoit que Canonades, Coups d’harquebuze & bruit de tou¬

595 4238 246 189 Cambray
