4096 6507
911 310 1388 250 Sous François II.

2682 336 257 195 105

415 542 2534 227 ces, maniees par eux des le regne du feu Roy.

495 708 2454 199 Ces choſes &pluſieurs telles autres eſtoyẽt plus la ty¬

426 871 2440 199 propoſees & debatues ordinairement es cõ

433 1019 2520 213 pagnies, pendant que ceux de Guiſe, ayãs fait elle ſe deſ¬

426 1167 2541 203 abſenter de la cour tous ceux qui n’eſtoyẽt couure.

433 1312 2531 209 de leur faction, poſſedoyent paiſiblement le

441 1478 2519 206 Roy & le Royaume. Mais ces bruits appor¬

433 1633 2542 196 terent apres eux de merueilleuſes conſequẽ¬

441 1774 2537 210 ces, & firẽt leuer l’oreille à beaucoup de grãs

441 1937 2552 206 & notables perſonnages, voire meſmes aux

451 2096 2545 199 plus taciturnes & paiſibles, & qui auoyent

451 2237 2542 221 quitté toutes afaires publiques & particulie¬

459 2432 2545 167 res pour demeurer cois en leurs maiſos:ceux

459 2544 2537 207 la, di-ie, eſtoyẽt comme reſueillez d’vn pro¬

459 2693 2548 217 fond ſommeil, pour penſer au ſalut public, &

466 2855 2538 203 à ne tõber és mains des perſonnes qu’on te¬

466 3000 2538 217 noit cõme vrayes harpies, eſpõges &ſangſues.

650 3155 2374 206 Cependant, le Roy pourmené çà & là par Dieucom¬

473 3311 2547 206 eux, cõmença en vn inſtãt de croiſtre à veüe mence à

477 3466 2548 199 d’œil, en ſorte, qu’en peu de tẽps, d’enfant il à ceux qui

480 3615 2540 213 ſe mõſtroit homme parfait: ce qui leur vint ſe ſeruoyẽs

495 3770 2476 206 grandemẽt à plaiſir, eſtimans que par la cor¬

495 3929 2524 206 pulence on le iugeroit plus capable de pou-qu’eux&

495 4077 2469 181 uoir adminiſtrer ſon Royaume, ſans vn cõ

498 4222 2526 202 ſeil ordonné, & que par là ils le manieroyẽt à ſtoyẽt riẽ.

491 4388 2534 192 ſouhait. Mais comme nul plaiſir humain ne

495 4529 2538 203 viẽt ſans eſtre ſuiui de triſteſſe & ſollicitude,

495 4685 2534 188 ce Prince mal ſain, & qui des ſon enfance a¬

502 4833 2538 209 uoit mõſtré de grãdes indiſpoſitiõs, pour n’a¬

506 4995 2537 196 uoir craché ny mouché, ſorty d’vne longue

509 5144 2524 242 fieure quarte, auoit vn viſage blafart & bouf¬

2953 853 412 112 rannie ſe

2953 954 481 134 hauſſe, plus

3018 3408 409 138 monſtrer

3022 3723 365 134 de leur

3015 3824 372 130 maiſtre,

3025 4034 431 137 leur mai¬

3025 4139 358 126 ſtre n’e¬
