<?xml version="1.0" encoding="UTF-8"?>
<alto xmlns:xsi="http://www.w3.org/2001/XMLSchema-instance"
      xmlns="http://www.loc.gov/standards/alto/ns-v4#"
      xsi:schemaLocation="http://www.loc.gov/standards/alto/ns-v4# http://www.loc.gov/standards/alto/v4/alto-4-2.xsd">
  <Description>
    <MeasurementUnit>pixel</MeasurementUnit>
    <sourceImageInformation>
      <fileName>page_115.jpg</fileName>
    </sourceImageInformation>
  </Description>
  <Tags>
    <OtherTag ID="BT7" LABEL="CustomZone" DESCRIPTION="block type CustomZone"/><OtherTag ID="BT8" LABEL="DamageZone" DESCRIPTION="block type DamageZone"/><OtherTag ID="BT9" LABEL="DigitizationArtefactZone" DESCRIPTION="block type DigitizationArtefactZone"/><OtherTag ID="BT10" LABEL="DropCapitalZone" DESCRIPTION="block type DropCapitalZone"/><OtherTag ID="BT11" LABEL="GraphicZone" DESCRIPTION="block type GraphicZone"/><OtherTag ID="BT12" LABEL="MainZone" DESCRIPTION="block type MainZone"/><OtherTag ID="BT13" LABEL="MarginTextZone" DESCRIPTION="block type MarginTextZone"/><OtherTag ID="BT14" LABEL="MusicZone" DESCRIPTION="block type MusicZone"/><OtherTag ID="BT15" LABEL="NumberingZone" DESCRIPTION="block type NumberingZone"/><OtherTag ID="BT17" LABEL="QuireMarksZone" DESCRIPTION="block type QuireMarksZone"/><OtherTag ID="BT18" LABEL="RunningTitleZone" DESCRIPTION="block type RunningTitleZone"/><OtherTag ID="BT19" LABEL="SealZone" DESCRIPTION="block type SealZone"/><OtherTag ID="BT20" LABEL="StampZone" DESCRIPTION="block type StampZone"/><OtherTag ID="BT21" LABEL="TableZone" DESCRIPTION="block type TableZone"/><OtherTag ID="BT22" LABEL="TitlePageZone" DESCRIPTION="block type TitlePageZone"/><OtherTag ID="BT2522" LABEL="MainZone-Continued" DESCRIPTION="block type MainZone-Continued"/><OtherTag ID="BT2523" LABEL="MarginTextZone-Notes" DESCRIPTION="block type MarginTextZone-Notes"/><OtherTag ID="BT2524" LABEL="MainZone-Head" DESCRIPTION="block type MainZone-Head"/><OtherTag ID="BT2525" LABEL="MainZone-P" DESCRIPTION="block type MainZone-P"/><OtherTag ID="BT2526" LABEL="MainZone-Signature" DESCRIPTION="block type MainZone-Signature"/><OtherTag ID="BT2527" LABEL="TitlePageZone-Index" DESCRIPTION="block type TitlePageZone-Index"/><OtherTag ID="BT2528" LABEL="MainZone-Entry" DESCRIPTION="block type MainZone-Entry"/><OtherTag ID="BT2529" LABEL="MainZone-Sp" DESCRIPTION="block type MainZone-Sp"/><OtherTag ID="BT2530" LABEL="GraphicZone-Decoration" DESCRIPTION="block type GraphicZone-Decoration"/><OtherTag ID="BT2531" LABEL="MarginTextZone-ManuscriptAddendum" DESCRIPTION="block type MarginTextZone-ManuscriptAddendum"/><OtherTag ID="BT2532" LABEL="MainZone-Other" DESCRIPTION="block type MainZone-Other"/><OtherTag ID="BT2533" LABEL="MainZone-ListItem" DESCRIPTION="block type MainZone-ListItem"/><OtherTag ID="BT2534" LABEL="GraphicZone-Head" DESCRIPTION="block type GraphicZone-Head"/><OtherTag ID="BT2535" LABEL="MainZone-Lg" DESCRIPTION="block type MainZone-Lg"/><OtherTag ID="BT2536" LABEL="MainZone-Date" DESCRIPTION="block type MainZone-Date"/>
    <OtherTag ID="LT7" LABEL="CustomLine" DESCRIPTION="line type CustomLine"/><OtherTag ID="LT8" LABEL="DefaultLine" DESCRIPTION="line type DefaultLine"/><OtherTag ID="LT9" LABEL="DropCapitalLine" DESCRIPTION="line type DropCapitalLine"/><OtherTag ID="LT10" LABEL="HeadingLine" DESCRIPTION="line type HeadingLine"/><OtherTag ID="LT11" LABEL="InterlinearLine" DESCRIPTION="line type InterlinearLine"/><OtherTag ID="LT12" LABEL="MusicLine" DESCRIPTION="line type MusicLine"/><OtherTag ID="LT749" LABEL="default" DESCRIPTION="line type default"/>
  </Tags>
  <Layout>
    <Page WIDTH="1943"
          HEIGHT="2647"
          PHYSICAL_IMG_NR="113"
          ID="eSc_dummypage_">
      <PrintSpace HPOS="0"
                  VPOS="0"
                  WIDTH="1943"
                  HEIGHT="2647">
        <TextBlock HPOS="842"
                   VPOS="224"
                   WIDTH="477"
                   HEIGHT="62"
                   ID="block_0"
                   TAGREFS="BT18">
          <Shape><Polygon POINTS="1304 228 1319 268 842 286 842 224"/></Shape>
          <TextLine ID="line_0"
                    TAGREFS="LT10"
                    BASELINE="842 269 1297 261" 
                    HPOS="841"
                    VPOS="210"
                    WIDTH="456"
                    HEIGHT="79">
            <Shape><Polygon POINTS="842 269 841 227 919 235 942 235 953 226 966 214 969 214 1160 211 1163 211 1185 219 1209 210 1256 210 1270 222 1281 229 1296 229 1297 270 1292 270 1270 277 1245 283 1241 283 1226 279 1217 276 1116 276 1092 283 1073 288 1070 288 1010 286 944 283 842 289"/></Shape>
	    <String CONTENT="Nouembre,M.D.LXIX. LIVRE"
                    HPOS="841"
                    VPOS="210"
                    WIDTH="456"
                    HEIGHT="79"
                    WC="0.9732571790615717"></String>
          </TextLine>
        </TextBlock>
        <TextBlock HPOS="1357"
                   VPOS="220"
                   WIDTH="232"
                   HEIGHT="51"
                   ID="eSc_textblock_2340a297"
                   TAGREFS="BT18">
          <Shape><Polygon POINTS="1357 220 1357 271 1589 271 1589 220"/></Shape>
          <TextLine ID="eSc_line_fb59f7fa"
                    TAGREFS="LT10"
                    BASELINE="1379 260 1557 257" 
                    HPOS="1378"
                    VPOS="217"
                    WIDTH="179"
                    HEIGHT="65">
            <Shape><Polygon POINTS="1381 222 1384 219 1388 219 1403 222 1431 226 1441 220 1445 217 1451 217 1472 224 1553 220 1557 257 1557 267 1531 280 1528 280 1484 270 1479 269 1478 270 1469 277 1469 279 1466 279 1413 282 1410 282 1385 273 1379 271 1378 224"/></Shape>
	    <String CONTENT=""
                    HPOS="1378"
                    VPOS="217"
                    WIDTH="179"
                    HEIGHT="65"></String>
          </TextLine>
        </TextBlock>
        <TextBlock HPOS="971"
                   VPOS="286"
                   WIDTH="964"
                   HEIGHT="1293"
                   ID="block_4"
                   TAGREFS="BT2522">
          <Shape><Polygon POINTS="1935 286 1935 1579 971 1579 971 286"/></Shape>
          <TextLine ID="line_1"
                    TAGREFS="LT8"
                    BASELINE="956 329 1912 320" 
                    HPOS="954"
                    VPOS="276"
                    WIDTH="958"
                    HEIGHT="65">
            <Shape><Polygon POINTS="956 329 956 341 1912 335 1912 320 1909 289 1848 280 1847 280 1809 288 1757 276 1756 276 1754 276 1735 285 1635 277 1634 277 1632 277 1631 277 1631 279 1619 289 1617 289 1595 279 1594 279 1592 279 1591 279 1573 289 1569 291 1529 289 1445 283 1444 283 1442 283 1431 289 1422 294 1281 294 1273 289 1263 282 1261 282 1260 282 1259 282 1257 282 1239 289 1226 294 1204 289 1175 282 1128 282 1126 282 1125 282 1123 282 1113 289 1101 295 954 289 956 329"/></Shape>
	    <String CONTENT="deux coſtez, le Canon commença à reiouër. Cependa"
                    HPOS="954"
                    VPOS="276"
                    WIDTH="958"
                    HEIGHT="65"
                    WC="0.9945868700742722"></String>
          </TextLine>
          <TextLine ID="line_2"
                    TAGREFS="LT8"
                    BASELINE="963 376 1913 369" 
                    HPOS="961"
                    VPOS="333"
                    WIDTH="952"
                    HEIGHT="61">
            <Shape><Polygon POINTS="963 376 963 389 1531 394 1532 394 1585 391 1684 385 1712 391 1720 392 1722 392 1723 392 1729 391 1760 383 1881 383 1909 391 1913 369 1906 333 1892 342 1867 335 1863 333 1862 333 1860 333 1853 335 1817 342 1788 336 1775 333 1773 333 1772 333 1770 333 1767 336 1762 342 1747 336 1742 335 1741 335 1740 335 1720 336 1667 344 1553 339 1445 336 1444 336 1442 336 1422 342 1409 345 1389 342 1342 336 1341 336 1339 336 1320 344 1313 347 1294 344 1245 338 1244 338 1242 338 1241 338 1232 345 1229 348 1169 348 1167 347 1156 338 1154 338 1153 338 1151 338 1150 338 1126 348 1123 348 1114 348 1038 339 1036 339 1035 339 1034 339 1034 341 1025 349 961 349 963 376"/></Shape>
	    <String CONTENT="quelques iours ſe paſſerent iuſques au vingtdeuxiem"
                    HPOS="961"
                    VPOS="333"
                    WIDTH="952"
                    HEIGHT="61"
                    WC="0.9994758203917858"></String>
          </TextLine>
          <TextLine ID="line_3"
                    TAGREFS="LT8"
                    BASELINE="963 422 1915 416" 
                    HPOS="961"
                    VPOS="383"
                    WIDTH="954"
                    HEIGHT="52">
            <Shape><Polygon POINTS="1447 417 1432 417 1417 417 1403 417 1388 417 1373 417 1359 417 1344 417 1329 417 1314 417 1300 417 1285 417 1270 417 1256 417 1241 417 1232 394 1214 386 1213 386 1211 386 1117 388 1116 388 1114 388 1114 389 1106 397 995 388 994 388 992 388 961 399 963 422 963 435 1913 429 1915 416 1910 391 1731 394 1729 392 1722 386 1722 385 1720 385 1719 385 1676 383 1675 383 1673 383 1651 392 1544 386 1542 386 1541 386 1514 395 1509 397 1503 395 1472 388 1470 388 1469 388 1467 388 1454 391 1447 417"/></Shape>
	    <String CONTENT="où l&#x27;on fiſt battrie nouuelle, remuant les pieces pot"
                    HPOS="961"
                    VPOS="383"
                    WIDTH="954"
                    HEIGHT="52"
                    WC="0.9926077679351524"></String>
          </TextLine>
          <TextLine ID="line_4"
                    TAGREFS="LT8"
                    BASELINE="964 473 1912 463" 
                    HPOS="963"
                    VPOS="426"
                    WIDTH="949"
                    HEIGHT="57">
            <Shape><Polygon POINTS="964 473 964 483 1912 474 1912 463 1906 426 1882 436 1495 439 1432 432 1419 430 1417 430 1416 430 1412 432 1391 439 1303 433 1279 432 1278 432 1269 433 1231 442 1170 435 1156 433 1154 433 1141 435 1089 444 1072 436 1069 435 1067 435 1066 435 1056 436 1011 444 963 438 964 473"/></Shape>
	    <String CONTENT="batre en diuers lieux: meſmement pour entamer l"
                    HPOS="963"
                    VPOS="426"
                    WIDTH="949"
                    HEIGHT="57"
                    WC="0.9953307243103676"></String>
          </TextLine>
          <TextLine ID="line_5"
                    TAGREFS="LT8"
                    BASELINE="967 520 1916 510" 
                    HPOS="966"
                    VPOS="473"
                    WIDTH="950"
                    HEIGHT="65">
            <Shape><Polygon POINTS="967 520 967 538 1916 527 1916 510 1913 483 1779 473 1778 473 1776 473 1740 483 1669 474 1667 474 1666 474 1640 485 1613 476 1612 476 1610 476 1609 476 1607 476 1607 477 1598 486 1531 486 1510 476 1509 476 1507 476 1506 476 1463 486 1392 477 1391 477 1389 477 1370 485 1341 479 1339 479 1338 479 1337 479 1326 488 1278 479 1276 479 1275 479 1273 479 1273 480 1264 489 1222 489 1166 480 1164 480 1163 480 1136 489 1109 480 1107 480 1106 480 1104 480 1076 492 966 492 967 520"/></Shape>
	    <String CONTENT="tours &amp; baſtions du chaſteau: la porte duquel fut mi"
                    HPOS="966"
                    VPOS="473"
                    WIDTH="950"
                    HEIGHT="65"
                    WC="0.9899260149552271"></String>
          </TextLine>
          <TextLine ID="line_6"
                    TAGREFS="LT8"
                    BASELINE="967 567 1915 557" 
                    HPOS="966"
                    VPOS="520"
                    WIDTH="949"
                    HEIGHT="66">
            <Shape><Polygon POINTS="967 567 967 586 1042 579 1351 582 1353 582 1354 582 1373 574 1912 576 1915 557 1912 522 1885 520 1884 520 1882 520 1881 520 1879 522 1870 530 1801 530 1788 523 1779 520 1778 520 1776 520 1775 520 1766 524 1751 530 1710 524 1684 522 1682 522 1681 522 1679 522 1675 526 1667 532 1503 533 1453 530 1372 524 1370 524 1369 524 1367 524 1367 526 1360 532 1359 535 1354 532 1341 526 1339 526 1338 526 1304 533 1295 535 1292 533 1281 527 1279 527 1278 527 1232 535 1226 535 1222 535 1166 527 1164 527 1163 527 1161 527 1153 536 1151 536 1141 536 1006 532 1004 532 966 539 967 567"/></Shape>
	    <String CONTENT="par terre, de laquelle on ſortoit pour aller ſur vn b"
                    HPOS="966"
                    VPOS="520"
                    WIDTH="949"
                    HEIGHT="66"
                    WC="0.9935776962424224"></String>
          </TextLine>
          <TextLine ID="line_7"
                    TAGREFS="LT8"
                    BASELINE="969 613 1919 604" 
                    HPOS="967"
                    VPOS="569"
                    WIDTH="952"
                    HEIGHT="57">
            <Shape><Polygon POINTS="969 613 969 626 1917 617 1919 604 1916 577 1787 569 1785 569 1784 569 1757 577 1638 570 1637 570 1635 570 1616 577 1604 570 1603 570 1601 570 1600 570 1598 570 1581 579 1381 573 1379 573 1378 573 1376 573 1376 574 1369 580 1264 574 1263 574 1213 582 1151 574 1150 574 1063 583 991 576 989 576 988 576 967 583 969 613"/></Shape>
	    <String CONTENT="ſtion ou platte-forme de terre, qui eſtoit au deuant „"
                    HPOS="967"
                    VPOS="569"
                    WIDTH="952"
                    HEIGHT="57"
                    WC="0.9937669369909499"></String>
          </TextLine>
          <TextLine ID="line_8"
                    TAGREFS="LT8"
                    BASELINE="970 661 1920 652" 
                    HPOS="969"
                    VPOS="617"
                    WIDTH="951"
                    HEIGHT="62">
            <Shape><Polygon POINTS="1425 651 1416 627 998 623 997 623 995 623 969 633 970 661 970 672 1125 679 1126 679 1128 679 1154 672 1163 670 1166 672 1172 677 1173 677 1175 677 1257 679 1259 679 1260 679 1285 672 1301 669 1332 672 1375 677 1376 677 1416 672 1457 667 1659 672 1759 674 1760 674 1762 674 1767 672 1787 664 1919 672 1920 652 1916 626 1719 626 1685 617 1684 617 1682 617 1681 617 1679 617 1672 624 1647 617 1645 617 1644 617 1642 617 1641 617 1626 627 1564 627 1541 619 1539 619 1538 619 1489 627 1457 619 1456 619 1454 619 1453 619 1432 627 1425 651"/></Shape>
	    <String CONTENT="chaſteau. Ce que voyans les aſſiegez, firent vn aut"
                    HPOS="969"
                    VPOS="617"
                    WIDTH="951"
                    HEIGHT="62"
                    WC="0.9888037957397162"></String>
          </TextLine>
          <TextLine ID="line_9"
                    TAGREFS="LT8"
                    BASELINE="970 708 1917 701" 
                    HPOS="969"
                    VPOS="663"
                    WIDTH="948"
                    HEIGHT="66">
            <Shape><Polygon POINTS="1425 695 1416 676 1341 676 1298 667 1297 667 1295 667 1294 667 1279 676 1261 667 1260 667 1259 667 1257 667 1238 676 1213 667 1211 667 1210 667 1157 677 1139 669 1138 669 1136 669 1135 669 1116 679 1067 679 1026 669 1025 669 1023 669 1022 669 1022 670 1013 679 969 679 970 708 970 729 1567 716 1585 723 1587 723 1588 723 1735 716 1915 722 1917 701 1915 673 1822 663 1820 663 1576 673 1548 664 1547 664 1545 664 1544 664 1542 664 1542 666 1541 666 1534 674 1447 666 1445 666 1444 666 1442 666 1434 670 1425 695"/></Shape>
	    <String CONTENT="paſſage dans le foſſé, au deſſous du precedent paſſage,"
                    HPOS="969"
                    VPOS="663"
                    WIDTH="948"
                    HEIGHT="66"
                    WC="0.9921262519700187"></String>
          </TextLine>
          <TextLine ID="line_10"
                    TAGREFS="LT8"
                    BASELINE="972 757 1917 747" 
                    HPOS="970"
                    VPOS="710"
                    WIDTH="947"
                    HEIGHT="64">
            <Shape><Polygon POINTS="972 757 972 774 1916 764 1917 747 1916 717 1906 710 1904 710 1903 710 1901 710 1900 710 1884 717 1807 710 1806 710 1750 719 1617 713 1616 713 1614 713 1613 713 1601 720 1529 713 1528 713 1464 722 1409 714 1407 714 1406 714 1373 723 1257 716 1256 716 1254 716 1232 724 1114 717 1113 717 1111 717 1092 727 970 727 972 757"/></Shape>
	    <String CONTENT="pres du baſtion de terre firent vne ouuerture à la m"
                    HPOS="970"
                    VPOS="710"
                    WIDTH="947"
                    HEIGHT="64"
                    WC="0.9982150703106286"></String>
          </TextLine>
          <TextLine ID="line_11"
                    TAGREFS="LT749"
                    BASELINE="972 804 1917 792" 
                    HPOS="970"
                    VPOS="754"
                    WIDTH="947"
                    HEIGHT="62">
            <Shape><Polygon POINTS="972 804 972 816 1917 805 1917 792 1913 763 1878 764 1873 763 1853 754 1851 754 1850 754 1848 754 1815 763 1794 755 1792 755 1791 755 1790 755 1788 755 1775 764 1773 766 1772 764 1762 755 1760 755 1759 755 1757 755 1710 763 1688 755 1687 755 1685 755 1684 755 1682 755 1682 757 1672 766 1670 767 1667 766 1642 757 1641 757 1640 757 1638 757 1614 767 1613 767 1609 767 1553 758 1551 758 1550 758 1548 758 1548 760 1538 769 1537 770 1509 770 1504 769 1456 758 1454 758 1453 758 1451 758 1437 770 1435 772 1401 772 1398 770 1360 760 1359 760 1357 760 1356 760 1354 760 1354 761 1344 772 1334 772 1289 772 1278 763 1278 761 1276 761 1275 761 1273 761 1272 761 1242 769 1207 761 1206 761 1204 761 1181 773 1135 763 1134 763 1132 763 1131 763 1119 773 1094 763 1092 763 1091 763 1089 763 1088 763 1088 764 1076 774 1022 764 1020 764 970 776 972 804"/></Shape>
	    <String CONTENT="raille de la ville:hors laquelle, dans le foſſé dreſſere"
                    HPOS="970"
                    VPOS="754"
                    WIDTH="947"
                    HEIGHT="62"
                    WC="0.9849608875157541"></String>
          </TextLine>
          <TextLine ID="line_12"
                    TAGREFS="LT749"
                    BASELINE="973 849 1903 841" 
                    HPOS="972"
                    VPOS="802"
                    WIDTH="931"
                    HEIGHT="62">
            <Shape><Polygon POINTS="1428 838 1420 819 1363 819 1328 807 1326 807 1325 807 1323 807 1322 807 1322 808 1310 819 1206 819 1191 808 1189 808 1188 808 1128 808 1126 808 1095 810 1094 810 1092 810 1092 811 1081 820 1041 810 1039 810 1038 810 1036 810 1035 810 1035 811 1023 822 972 822 973 849 973 864 1747 864 1747 863 1901 854 1903 841 1900 814 1828 814 1801 802 1800 802 1798 802 1797 802 1773 813 1750 802 1748 802 1747 802 1745 802 1744 802 1744 804 1734 814 1632 804 1631 804 1589 813 1534 805 1532 805 1531 805 1529 805 1529 807 1519 814 1506 805 1504 805 1503 805 1501 805 1435 817 1428 838"/></Shape>
	    <String CONTENT="vne paliſſade, pour flanquer &amp; defendre le chaſteau."
                    HPOS="972"
                    VPOS="802"
                    WIDTH="931"
                    HEIGHT="62"
                    WC="0.9953575214514365"></String>
          </TextLine>
          <TextLine ID="line_13"
                    TAGREFS="LT749"
                    BASELINE="973 897 1916 888" 
                    HPOS="972"
                    VPOS="851"
                    WIDTH="944"
                    HEIGHT="63">
            <Shape><Polygon POINTS="1428 885 1419 864 1395 864 1381 861 1350 855 1348 855 1347 855 1332 863 1328 864 1309 863 1238 857 1236 857 1235 857 1234 857 1225 864 1222 866 1213 864 1164 860 1163 860 1126 867 1122 867 1120 867 1098 858 1097 858 1095 858 1047 867 1036 858 1035 858 1034 858 995 858 994 858 992 858 972 867 973 897 973 907 1063 914 1064 914 1341 907 1475 904 1915 905 1916 888 1910 851 1879 860 1794 852 1763 851 1762 851 1760 851 1759 851 1759 852 1756 854 1748 861 1685 855 1651 852 1650 852 1629 857 1598 864 1435 864 1428 885"/></Shape>
	    <String CONTENT="abbatirent auſſi partie d’vne tour, qui eſt pres du ch"
                    HPOS="972"
                    VPOS="851"
                    WIDTH="944"
                    HEIGHT="63"
                    WC="0.9803999574096115"></String>
          </TextLine>
          <TextLine ID="line_14"
                    TAGREFS="LT749"
                    BASELINE="975 944 1898 935" 
                    HPOS="973"
                    VPOS="898"
                    WIDTH="925"
                    HEIGHT="59">
            <Shape><Polygon POINTS="975 944 975 957 1897 951 1898 935 1895 908 1791 907 1778 898 1776 898 1775 898 1773 898 1772 898 1734 908 1729 910 973 910 975 944"/></Shape>
	    <String CONTENT="ſteau du coſté de Taillebourg, qu’on nomme la tour"
                    HPOS="973"
                    VPOS="898"
                    WIDTH="925"
                    HEIGHT="59"
                    WC="0.9895398125928991"></String>
          </TextLine>
          <TextLine ID="line_15"
                    TAGREFS="LT749"
                    BASELINE="976 989 1912 982" 
                    HPOS="975"
                    VPOS="947"
                    WIDTH="937"
                    HEIGHT="63">
            <Shape><Polygon POINTS="976 989 976 1002 1161 1010 1163 1010 1306 1002 1456 1007 1457 1007 1459 1007 1460 1007 1469 999 1501 1007 1503 1007 1542 998 1548 998 1569 998 1707 1005 1709 1005 1710 1005 1712 1005 1723 997 1731 1004 1732 1004 1734 1004 1735 1004 1809 997 1815 997 1817 997 1857 1004 1859 1004 1910 995 1912 982 1910 957 1890 947 1888 947 1887 947 1885 947 1866 957 1829 957 1820 948 1820 947 1819 947 1817 947 1816 947 1815 947 1787 955 1687 948 1685 948 1684 948 1682 948 1672 955 1670 957 1663 955 1619 948 1617 948 1616 948 1592 955 1587 957 1581 955 1551 948 1550 948 1548 948 1510 955 1498 957 1463 955 1376 949 1375 949 1373 949 1357 955 1342 960 1334 954 1328 951 1326 951 1325 951 1323 951 1322 951 1313 954 1304 960 1206 960 1191 954 1184 951 1182 951 1181 951 1179 951 1178 951 1178 952 1175 954 1169 961 1075 961 975 954 976 989"/></Shape>
	    <String CONTENT="Bourreau, &amp; grande eſtendue de murailles, depuis"
                    HPOS="975"
                    VPOS="947"
                    WIDTH="937"
                    HEIGHT="63"
                    WC="0.9976371576388677"></String>
          </TextLine>
          <TextLine ID="line_16"
                    TAGREFS="LT749"
                    BASELINE="976 1038 1919 1029" 
                    HPOS="975"
                    VPOS="991"
                    WIDTH="944"
                    HEIGHT="60">
            <Shape><Polygon POINTS="976 1038 976 1051 1917 1042 1919 1029 1915 991 1853 999 1807 992 1794 991 1792 991 1791 991 1784 992 1759 1001 1684 995 1647 992 1645 992 1644 992 1629 997 1603 1002 1584 997 1573 994 1572 994 1570 994 1548 998 1522 1002 1504 998 1484 994 1482 994 1481 994 1479 994 1478 994 1470 999 1464 1002 1460 999 1448 994 1447 994 1445 994 1444 994 1419 999 1406 1004 1400 1001 1391 995 1389 995 1388 995 1387 995 1354 1001 1342 1004 1337 1002 1320 995 1319 995 1317 995 1261 1004 1245 1005 1228 1004 1150 997 1148 997 1106 1007 1103 1007 1100 1007 1056 998 1054 998 1053 998 1031 1007 1007 998 1006 998 1004 998 1003 998 975 1008 976 1038"/></Shape>
	    <String CONTENT="chaſteau iuſques à la vieille breche. Comme Sebaſti"
                    HPOS="975"
                    VPOS="991"
                    WIDTH="944"
                    HEIGHT="60"
                    WC="0.9968825039955286"></String>
          </TextLine>
          <TextLine ID="line_17"
                    TAGREFS="LT749"
                    BASELINE="978 1085 1923 1077" 
                    HPOS="976"
                    VPOS="1042"
                    WIDTH="947"
                    HEIGHT="60">
            <Shape><Polygon POINTS="978 1085 978 1097 1313 1102 1314 1102 1316 1102 1331 1098 1341 1095 1392 1098 1454 1101 1456 1101 1534 1099 1535 1099 1537 1099 1538 1098 1547 1092 1584 1098 1598 1099 1600 1099 1666 1098 1901 1091 1919 1098 1923 1077 1920 1045 1678 1042 1676 1042 1675 1042 1673 1042 1673 1044 1669 1048 1666 1051 1600 1051 1594 1048 1562 1042 1560 1042 1559 1042 1557 1042 1545 1049 1542 1051 1526 1049 1473 1044 1472 1044 1470 1044 1456 1051 1454 1051 1453 1051 1432 1044 1431 1044 1429 1044 1428 1044 1426 1044 1426 1045 1419 1051 1419 1052 1331 1052 1328 1052 1298 1045 1297 1045 1295 1045 1294 1045 1292 1045 1282 1052 1281 1054 1260 1054 1185 1054 1169 1045 1167 1045 1166 1045 1164 1045 1145 1054 992 1047 991 1047 989 1047 988 1047 976 1052 978 1085"/></Shape>
	    <String CONTENT="de Luxembourg, Comte de Martigues ordonnoit la b"
                    HPOS="976"
                    VPOS="1042"
                    WIDTH="947"
                    HEIGHT="60"
                    WC="0.9897948366900285"></String>
          </TextLine>
          <TextLine ID="line_18"
                    TAGREFS="LT749"
                    BASELINE="979 1132 1916 1126" 
                    HPOS="978"
                    VPOS="1089"
                    WIDTH="938"
                    HEIGHT="59">
            <Shape><Polygon POINTS="979 1132 979 1142 1445 1148 1447 1148 1448 1148 1460 1145 1478 1139 1651 1145 1673 1145 1675 1145 1676 1145 1678 1145 1709 1138 1913 1145 1916 1126 1913 1099 1775 1089 1773 1089 1706 1098 1651 1091 1650 1091 1648 1091 1647 1091 1647 1092 1638 1099 1632 1099 1503 1091 1501 1091 1500 1091 1498 1091 1498 1092 1489 1099 1489 1101 1445 1101 1434 1101 1362 1092 1360 1092 1359 1092 1357 1092 1345 1101 1344 1101 1342 1101 1316 1092 1314 1092 1313 1092 1264 1101 1261 1101 1260 1101 1242 1092 1241 1092 1239 1092 1203 1101 1195 1102 1191 1101 1173 1094 1172 1094 1170 1094 1169 1094 1139 1101 1134 1102 1131 1101 1114 1094 1113 1094 1111 1094 1110 1094 1109 1094 1098 1101 1097 1102 1089 1101 1050 1094 1048 1094 978 1101 979 1132"/></Shape>
	    <String CONTENT="terie, &amp; s’employoit à loger derriere les terriers &amp; ;"
                    HPOS="978"
                    VPOS="1089"
                    WIDTH="938"
                    HEIGHT="59"
                    WC="0.995235083319924"></String>
          </TextLine>
          <TextLine ID="eSc_line_ab6666b2"
                    TAGREFS="LT749"
                    BASELINE="980 1175 1922 1172" 
                    HPOS="980"
                    VPOS="1135"
                    WIDTH="942"
                    HEIGHT="55">
            <Shape><Polygon POINTS="989 1138 994 1138 1004 1145 1007 1147 1022 1145 1088 1139 1089 1139 1141 1144 1164 1147 1169 1144 1178 1136 1184 1136 1200 1144 1203 1147 1244 1147 1248 1144 1259 1136 1264 1136 1291 1144 1301 1147 1392 1147 1398 1142 1404 1136 1410 1136 1422 1142 1429 1145 1581 1145 1588 1141 1595 1135 1601 1135 1613 1139 1622 1144 1648 1139 1681 1135 1682 1135 1738 1139 1809 1144 1917 1138 1922 1172 1920 1186 980 1190 980 1139"/></Shape>
	    <String CONTENT=""
                    HPOS="980"
                    VPOS="1135"
                    WIDTH="942"
                    HEIGHT="55"></String>
          </TextLine>
          <TextLine ID="line_20"
                    TAGREFS="LT749"
                    BASELINE="988 1223 1917 1219" 
                    HPOS="986"
                    VPOS="1186"
                    WIDTH="931"
                    HEIGHT="53">
            <Shape><Polygon POINTS="1428 1204 1420 1189 1416 1189 1414 1189 1294 1197 1032 1189 1031 1189 986 1198 988 1223 988 1239 1916 1235 1917 1219 1915 1195 1644 1186 1642 1186 1564 1188 1563 1188 1562 1188 1562 1189 1554 1195 1434 1189 1428 1204"/></Shape>
	    <String CONTENT="qui ſe preſenteroyent aux murailles, le dixneufieme"
                    HPOS="986"
                    VPOS="1186"
                    WIDTH="931"
                    HEIGHT="53"
                    WC="0.9906869659236833"></String>
          </TextLine>
          <TextLine ID="line_21"
                    TAGREFS="LT749"
                    BASELINE="991 1276 1920 1267" 
                    HPOS="989"
                    VPOS="1233"
                    WIDTH="931"
                    HEIGHT="58">
            <Shape><Polygon POINTS="991 1276 991 1291 1919 1282 1920 1267 1917 1238 1662 1233 1660 1233 1659 1233 1657 1233 1651 1238 1645 1242 1557 1242 1542 1238 1531 1235 1529 1235 1528 1235 1466 1238 1384 1244 1370 1239 1363 1236 1362 1236 1360 1236 1359 1236 1357 1236 1354 1239 1345 1245 1251 1245 1229 1239 1223 1238 1222 1238 1220 1238 1219 1238 1217 1238 1217 1239 1216 1239 1210 1245 1138 1239 1126 1239 1125 1239 1123 1239 1122 1239 1111 1247 989 1241 991 1276"/></Shape>
	    <String CONTENT="Nouembre, fut attaint d’vne harquebuzade par la"
                    HPOS="989"
                    VPOS="1233"
                    WIDTH="931"
                    HEIGHT="58"
                    WC="0.9989553131955735"></String>
          </TextLine>
          <TextLine ID="eSc_line_fb41ec35"
                    TAGREFS="LT749"
                    BASELINE="984 1325 1920 1313" 
                    HPOS="983"
                    VPOS="1279"
                    WIDTH="937"
                    HEIGHT="61">
            <Shape><Polygon POINTS="1019 1289 1023 1289 1031 1294 1035 1297 1039 1294 1048 1288 1053 1288 1085 1294 1097 1295 1110 1294 1145 1286 1147 1286 1206 1292 1225 1294 1239 1292 1284 1285 1285 1285 1325 1291 1334 1292 1339 1291 1364 1283 1370 1283 1382 1291 1392 1283 1398 1283 1420 1291 1422 1291 1431 1283 1437 1283 1454 1289 1457 1291 1585 1291 1600 1289 1697 1279 1698 1279 1917 1286 1920 1313 1920 1333 984 1340 983 1290"/></Shape>
	    <String CONTENT=""
                    HPOS="983"
                    VPOS="1279"
                    WIDTH="937"
                    HEIGHT="61"></String>
          </TextLine>
          <TextLine ID="line_23"
                    TAGREFS="LT749"
                    BASELINE="982 1369 1929 1361" 
                    HPOS="981"
                    VPOS="1326"
                    WIDTH="948"
                    HEIGHT="63">
            <Shape><Polygon POINTS="982 1369 982 1380 1169 1389 1170 1389 1225 1380 1226 1380 1231 1380 1359 1388 1360 1388 1362 1388 1394 1379 1397 1379 1409 1379 1510 1386 1512 1386 1576 1379 1589 1377 1929 1377 1929 1361 1928 1335 1915 1326 1913 1326 1912 1326 1910 1326 1869 1335 1832 1326 1831 1326 1829 1326 1828 1326 1826 1326 1826 1327 1815 1336 1682 1327 1681 1327 1679 1327 1678 1327 1665 1338 1635 1327 1634 1327 1632 1327 1631 1327 1629 1327 1629 1329 1617 1338 1556 1332 1554 1332 1553 1332 1551 1332 1541 1341 1482 1341 1442 1329 1441 1329 1439 1329 1438 1329 1417 1341 1263 1341 1209 1330 1207 1330 1206 1330 1204 1330 1204 1332 1195 1341 1144 1342 1132 1333 1132 1332 1131 1332 1129 1332 1128 1332 1126 1332 1091 1341 1050 1332 1048 1332 1047 1332 1045 1332 1035 1341 1000 1333 998 1333 997 1333 995 1333 981 1341 982 1369"/></Shape>
	    <String CONTENT="treſpaſſa, qui fut vne grande perte à la France. Il eſte"
                    HPOS="981"
                    VPOS="1326"
                    WIDTH="948"
                    HEIGHT="63"
                    WC="0.989082159703238"></String>
          </TextLine>
          <TextLine ID="line_24"
                    TAGREFS="LT749"
                    BASELINE="981 1417 1920 1410" 
                    HPOS="979"
                    VPOS="1373"
                    WIDTH="941"
                    HEIGHT="56">
            <Shape><Polygon POINTS="981 1417 981 1429 1919 1422 1920 1410 1919 1385 1892 1373 1891 1373 1890 1373 1840 1383 1732 1373 1731 1373 1676 1385 1557 1374 1556 1374 1554 1374 1553 1374 1553 1376 1539 1386 1494 1376 1466 1376 1464 1376 1463 1376 1462 1376 1462 1377 1450 1386 1387 1376 1385 1376 1384 1376 1353 1388 1138 1380 1136 1380 1135 1380 1134 1380 1123 1389 998 1379 997 1379 995 1379 994 1379 979 1388 981 1417"/></Shape>
	    <String CONTENT="de la noble &amp; ancienne maiſon de Luxembourg, de"
                    HPOS="979"
                    VPOS="1373"
                    WIDTH="941"
                    HEIGHT="56"
                    WC="0.9990586765269016"></String>
          </TextLine>
          <TextLine ID="line_25"
                    TAGREFS="LT749"
                    BASELINE="984 1463 1928 1455" 
                    HPOS="982"
                    VPOS="1420"
                    WIDTH="946"
                    HEIGHT="56">
            <Shape><Polygon POINTS="984 1463 984 1476 1928 1476 1928 1455 1923 1426 1820 1429 1803 1427 1753 1420 1751 1420 1750 1420 1748 1420 1737 1427 1729 1432 1720 1427 1703 1422 1701 1422 1700 1422 1698 1422 1697 1422 1697 1423 1691 1429 1687 1433 1642 1433 1619 1429 1550 1422 1548 1422 1547 1422 1522 1429 1497 1423 1495 1423 1494 1423 1492 1423 1491 1423 1479 1432 1476 1433 1466 1432 1441 1427 1439 1427 1360 1433 1332 1435 1325 1433 1289 1424 1288 1424 1286 1424 1285 1424 1284 1424 1269 1435 1267 1436 1214 1436 1214 1435 1184 1424 1182 1424 1181 1424 1179 1424 1178 1424 1178 1426 1167 1436 1145 1426 1144 1426 1142 1426 1141 1426 1103 1436 1061 1426 1060 1426 1059 1426 982 1438 984 1463"/></Shape>
	    <String CONTENT="quelle pluſieurs Empereurs ſont ſortis, &amp; Gouuerne"
                    HPOS="982"
                    VPOS="1420"
                    WIDTH="946"
                    HEIGHT="56"
                    WC="0.9971185338497162"></String>
          </TextLine>
          <TextLine ID="line_26"
                    TAGREFS="LT749"
                    BASELINE="981 1511 1925 1504" 
                    HPOS="979"
                    VPOS="1469"
                    WIDTH="946"
                    HEIGHT="75">
            <Shape><Polygon POINTS="981 1511 981 1524 1132 1526 1134 1527 1160 1541 1161 1541 1163 1541 1164 1541 1194 1529 1203 1524 1292 1524 1301 1530 1329 1544 1331 1544 1332 1544 1334 1544 1335 1544 1335 1542 1345 1533 1357 1542 1359 1542 1360 1542 1362 1544 1403 1544 1403 1542 1404 1542 1406 1542 1406 1541 1416 1532 1417 1530 1419 1532 1431 1542 1432 1542 1434 1542 1435 1542 1437 1542 1438 1542 1454 1532 1469 1523 1479 1532 1479 1533 1481 1533 1482 1533 1544 1542 1545 1542 1695 1541 1697 1541 1709 1535 1744 1520 1854 1520 1878 1538 1879 1539 1881 1539 1882 1539 1884 1539 1925 1538 1925 1504 1920 1469 1697 1477 1592 1473 1497 1470 1495 1470 1494 1470 1492 1470 1487 1476 1482 1479 1447 1476 1378 1470 1376 1470 1375 1470 1360 1477 1354 1480 1347 1477 1328 1472 1326 1472 1325 1472 1323 1472 1295 1479 1286 1480 1279 1479 1254 1472 1253 1472 1251 1472 1250 1472 1248 1472 1235 1480 1234 1480 1222 1480 1144 1473 1142 1473 1141 1473 1139 1473 1131 1482 1129 1482 1123 1482 1039 1473 1038 1473 1036 1473 1035 1473 1035 1474 1026 1483 979 1483 981 1511"/></Shape>
	    <String CONTENT="de Bretaigne. Au lieu duquel le Roy y pourueut le D"
                    HPOS="979"
                    VPOS="1469"
                    WIDTH="946"
                    HEIGHT="75"
                    WC="0.9861250589875614"></String>
          </TextLine>
          <TextLine ID="line_27"
                    TAGREFS="LT749"
                    BASELINE="984 1555 1297 1560" 
                    HPOS="982"
                    VPOS="1519"
                    WIDTH="315"
                    HEIGHT="63">
            <Shape><Polygon POINTS="984 1555 982 1570 1011 1580 1013 1580 1014 1580 1070 1573 1085 1582 1086 1582 1088 1582 1089 1582 1295 1572 1297 1560 1295 1533 1242 1522 1207 1522 1206 1522 1204 1522 1203 1522 1203 1523 1194 1532 1192 1532 1188 1532 1139 1524 1138 1524 1100 1530 1097 1530 1075 1519 1073 1519 1072 1519 1026 1527 1004 1519 1003 1519 1001 1519 1000 1519 984 1526 984 1555"/></Shape>
	    <String CONTENT="de Montpenſier."
                    HPOS="982"
                    VPOS="1519"
                    WIDTH="315"
                    HEIGHT="63"
                    WC="0.9992215474446614"></String>
          </TextLine>
        </TextBlock>
        <TextBlock HPOS="986"
                   VPOS="1575"
                   WIDTH="957"
                   HEIGHT="480"
                   ID="block_3"
                   TAGREFS="BT2525">
          <Shape><Polygon POINTS="1941 1575 1943 2038 986 2055 989 1575"/></Shape>
          <TextLine ID="line_33"
                    TAGREFS="LT8"
                    BASELINE="1031 1605 1926 1598" 
                    HPOS="1029"
                    VPOS="1554"
                    WIDTH="897"
                    HEIGHT="68">
            <Shape><Polygon POINTS="1031 1605 1031 1619 1566 1622 1567 1622 1925 1611 1926 1598 1925 1570 1901 1554 1900 1554 1898 1554 1828 1554 1826 1554 1825 1554 1823 1554 1803 1572 1742 1573 1703 1573 1690 1563 1688 1563 1687 1563 1685 1563 1684 1563 1667 1569 1654 1557 1653 1557 1651 1557 1650 1557 1648 1557 1647 1557 1623 1573 1573 1573 1557 1558 1557 1557 1556 1557 1554 1557 1473 1557 1472 1557 1470 1557 1469 1557 1469 1558 1454 1573 1425 1557 1423 1557 1422 1557 1420 1557 1419 1557 1419 1558 1406 1570 1391 1557 1389 1557 1388 1557 1387 1557 1385 1557 1384 1557 1353 1576 1300 1576 1289 1566 1289 1564 1288 1564 1286 1564 1285 1564 1284 1564 1261 1572 1239 1561 1238 1561 1236 1561 1235 1561 1234 1561 1213 1576 1088 1576 1048 1563 1047 1563 1045 1563 1044 1563 1042 1563 1042 1564 1029 1574 1031 1605"/></Shape>
	    <String CONTENT="Durant ceſte baterie, les aſſiegez fitent vne ſaillie"
                    HPOS="1029"
                    VPOS="1554"
                    WIDTH="897"
                    HEIGHT="68"
                    WC="0.9869401454925537"></String>
          </TextLine>
          <TextLine ID="line_34"
                    TAGREFS="LT8"
                    BASELINE="985 1652 1929 1647" 
                    HPOS="984"
                    VPOS="1611"
                    WIDTH="945"
                    HEIGHT="55">
            <Shape><Polygon POINTS="1425 1636 1417 1620 1379 1619 1247 1614 1245 1614 1244 1614 1222 1622 1216 1623 1184 1623 1011 1616 1010 1616 1009 1616 984 1624 985 1652 985 1664 1928 1666 1929 1647 1925 1611 1742 1619 1723 1614 1715 1611 1713 1611 1712 1611 1710 1611 1703 1614 1690 1620 1641 1616 1616 1613 1614 1613 1587 1616 1553 1620 1545 1617 1538 1613 1537 1613 1535 1613 1489 1617 1448 1622 1431 1620 1425 1636"/></Shape>
	    <String CONTENT="cinquante ou ſoixante cheuaux, &amp; de trois cens Fant"
                    HPOS="984"
                    VPOS="1611"
                    WIDTH="945"
                    HEIGHT="55"
                    WC="0.9988725384076437"></String>
          </TextLine>
          <TextLine ID="line_35"
                    TAGREFS="LT8"
                    BASELINE="989 1704 1013 1698 1931 1694" 
                    HPOS="988"
                    VPOS="1655"
                    WIDTH="943"
                    HEIGHT="56">
            <Shape><Polygon POINTS="989 1704 989 1711 1929 1705 1931 1694 1923 1655 1915 1663 1884 1657 1873 1655 1872 1655 1870 1655 1869 1655 1867 1657 1854 1667 1819 1667 1809 1658 1809 1657 1807 1657 1806 1657 1804 1657 1787 1658 1722 1666 1712 1660 1707 1657 1706 1657 1704 1657 1703 1657 1701 1657 1694 1660 1682 1666 1672 1660 1667 1657 1666 1657 1665 1657 1604 1657 1603 1657 1601 1657 1600 1657 1594 1661 1591 1664 1587 1661 1581 1657 1579 1657 1578 1657 1576 1657 1575 1657 1573 1657 1573 1658 1569 1661 1563 1669 1422 1669 1414 1664 1406 1660 1404 1660 1403 1660 1401 1660 1385 1666 1384 1666 1382 1666 1373 1658 1372 1658 1370 1658 1369 1658 1367 1658 1338 1666 1326 1658 1325 1658 1323 1658 1322 1658 1320 1658 1289 1667 1281 1669 1279 1667 1270 1660 1269 1660 1267 1660 1266 1660 1264 1660 1238 1667 1232 1669 1219 1667 1141 1660 1139 1660 1098 1669 1079 1660 1078 1660 1076 1660 1075 1660 1041 1669 1006 1660 1004 1660 1003 1660 1001 1660 1000 1660 988 1667 989 1704"/></Shape>
	    <String CONTENT="ſins. Le Capitaine la Motte conduiſoit les Cauallie"
                    HPOS="988"
                    VPOS="1655"
                    WIDTH="943"
                    HEIGHT="56"
                    WC="0.986249543872534"></String>
          </TextLine>
          <TextLine ID="line_36"
                    TAGREFS="LT8"
                    BASELINE="994 1749 1934 1741" 
                    HPOS="992"
                    VPOS="1702"
                    WIDTH="942"
                    HEIGHT="61">
            <Shape><Polygon POINTS="994 1749 994 1763 1716 1763 1716 1761 1810 1754 1903 1760 1904 1760 1906 1760 1934 1751 1934 1741 1931 1713 1787 1702 1785 1702 1784 1702 1750 1713 1745 1713 1740 1713 1685 1704 1684 1704 1682 1704 1681 1704 1669 1713 1667 1714 1573 1716 1522 1716 1517 1713 1507 1705 1506 1705 1504 1705 1503 1705 1501 1705 1482 1713 1478 1714 1467 1713 1431 1707 1429 1707 1428 1707 1426 1707 1420 1713 1416 1717 1320 1717 1314 1713 1307 1708 1306 1708 1304 1708 1303 1708 1301 1708 1289 1713 1279 1717 1253 1713 1222 1708 1220 1708 1219 1708 1209 1713 1201 1717 1181 1713 1156 1708 1154 1708 1117 1713 1078 1719 1063 1713 1053 1710 1051 1710 1050 1710 992 1713 994 1749"/></Shape>
	    <String CONTENT="&amp; les Eſſars les pietons. Et d’autant qu’ils deliberoyt"
                    HPOS="992"
                    VPOS="1702"
                    WIDTH="942"
                    HEIGHT="61"
                    WC="0.977996575832367"></String>
          </TextLine>
          <TextLine ID="line_37"
                    TAGREFS="LT8"
                    BASELINE="989 1792 1931 1786" 
                    HPOS="988"
                    VPOS="1749"
                    WIDTH="943"
                    HEIGHT="65">
            <Shape><Polygon POINTS="989 1792 989 1805 1156 1814 1157 1814 1323 1808 1426 1804 1441 1808 1454 1813 1456 1813 1457 1813 1459 1813 1469 1808 1478 1804 1488 1808 1494 1811 1495 1811 1497 1811 1514 1808 1548 1802 1753 1810 1773 1810 1775 1810 1776 1810 1778 1810 1803 1801 1881 1801 1891 1810 1892 1810 1894 1810 1895 1811 1929 1811 1931 1786 1925 1749 1890 1758 1875 1749 1873 1749 1872 1749 1870 1749 1869 1749 1866 1749 1844 1757 1823 1751 1819 1749 1817 1749 1816 1749 1815 1749 1813 1749 1812 1751 1803 1760 1688 1761 1641 1761 1632 1754 1629 1751 1628 1751 1626 1751 1625 1751 1623 1751 1622 1751 1617 1754 1610 1761 1538 1761 1514 1757 1482 1751 1481 1751 1479 1751 1466 1757 1456 1763 1409 1763 1406 1758 1400 1754 1400 1752 1398 1752 1397 1752 1395 1752 1394 1752 1378 1758 1370 1761 1359 1758 1328 1752 1326 1752 1325 1752 1294 1760 1286 1761 1272 1761 1194 1754 1192 1754 1191 1754 1160 1763 1157 1763 1151 1763 1061 1754 1060 1754 1059 1754 1029 1763 1011 1754 1010 1754 1009 1754 1007 1754 988 1763 989 1792"/></Shape>
	    <String CONTENT="de donner à l’Artillerie qui les endommageoit si fo"
                    HPOS="988"
                    VPOS="1749"
                    WIDTH="943"
                    HEIGHT="65"
                    WC="0.9967666666666667"></String>
          </TextLine>
          <TextLine ID="line_38"
                    TAGREFS="LT8"
                    BASELINE="991 1842 1923 1833" 
                    HPOS="989"
                    VPOS="1801"
                    WIDTH="934"
                    HEIGHT="56">
            <Shape><Polygon POINTS="991 1842 991 1857 1729 1857 1729 1855 1735 1855 1775 1848 1920 1854 1923 1833 1919 1804 1635 1808 1631 1807 1613 1801 1612 1801 1610 1801 1504 1810 1488 1810 1484 1810 1457 1802 1456 1802 1454 1802 1453 1802 1451 1802 1451 1804 1444 1810 1442 1811 1431 1810 1378 1804 1376 1804 1375 1804 1373 1804 1366 1811 1364 1813 1284 1813 1272 1813 1191 1805 1189 1805 1126 1814 1123 1814 1122 1814 1053 1807 1051 1807 989 1816 991 1842"/></Shape>
	    <String CONTENT="mesmement cinq ou six Couleurines qui batoyent"
                    HPOS="989"
                    VPOS="1801"
                    WIDTH="934"
                    HEIGHT="56"
                    WC="0.9878571428571429"></String>
          </TextLine>
          <TextLine ID="line_39"
                    TAGREFS="LT8"
                    BASELINE="991 1888 1931 1882" 
                    HPOS="989"
                    VPOS="1848"
                    WIDTH="942"
                    HEIGHT="60">
            <Shape><Polygon POINTS="991 1888 991 1901 1189 1908 1191 1908 1347 1899 1359 1899 1388 1899 1781 1904 1782 1904 1784 1904 1785 1904 1792 1897 1794 1897 1797 1897 1859 1904 1860 1904 1929 1895 1931 1882 1929 1857 1904 1848 1903 1848 1901 1848 1726 1855 1697 1848 1695 1848 1694 1848 1647 1857 1509 1849 1507 1849 1506 1849 1504 1849 1491 1857 1298 1851 1297 1851 1244 1858 1226 1851 1225 1851 1223 1851 1222 1851 1220 1851 1209 1858 1092 1852 1091 1852 989 1861 991 1888"/></Shape>
	    <String CONTENT="courtine: lesquelles on auoit logees sur vn terrier"
                    HPOS="989"
                    VPOS="1848"
                    WIDTH="942"
                    HEIGHT="60"
                    WC="0.9530875"></String>
          </TextLine>
          <TextLine ID="line_40"
                    TAGREFS="LT8"
                    BASELINE="992 1935 1917 1929" 
                    HPOS="991"
                    VPOS="1892"
                    WIDTH="926"
                    HEIGHT="57">
            <Shape><Polygon POINTS="992 1935 992 1949 1916 1944 1917 1929 1912 1892 1878 1901 1804 1894 1785 1892 1784 1892 1782 1892 1773 1894 1747 1901 1725 1895 1715 1892 1713 1892 1712 1892 1710 1892 1698 1895 1673 1902 1638 1897 1619 1894 1617 1894 1616 1894 1604 1897 1587 1902 1572 1898 1560 1894 1559 1894 1557 1894 1512 1898 1476 1902 1469 1899 1456 1894 1454 1894 1453 1894 1451 1894 1438 1899 1428 1904 1373 1901 1275 1895 1273 1895 1272 1895 1270 1895 1270 1897 1263 1902 1261 1904 1259 1902 1235 1897 1234 1897 1232 1897 1231 1897 1229 1897 1222 1904 1219 1907 1116 1907 1114 1905 1097 1897 1095 1897 1094 1897 991 1907 992 1935"/></Shape>
	    <String CONTENT="uant la tour de l’Espingal, pres la fontaine du Loy."
                    HPOS="991"
                    VPOS="1892"
                    WIDTH="926"
                    HEIGHT="57"
                    WC="0.99829"></String>
          </TextLine>
          <TextLine ID="line_41"
                    TAGREFS="LT8"
                    BASELINE="992 1983 1928 1973" 
                    HPOS="991"
                    VPOS="1938"
                    WIDTH="937"
                    HEIGHT="59">
            <Shape><Polygon POINTS="992 1983 992 1997 1928 1986 1928 1973 1923 1948 1842 1948 1841 1948 1816 1938 1815 1938 1813 1938 1812 1938 1787 1948 1782 1949 1760 1948 1660 1939 1659 1939 1612 1949 1600 1951 1591 1949 1566 1941 1564 1941 1563 1941 1562 1941 1532 1949 1519 1954 1450 1954 1445 1949 1438 1944 1438 1942 1437 1942 1435 1942 1434 1942 1432 1942 1417 1949 1410 1954 1364 1954 1347 1949 1319 1944 1317 1944 1273 1951 1266 1951 1260 1951 1229 1945 1228 1945 1226 1945 1225 1945 1219 1951 1213 1955 1203 1951 1189 1945 1188 1945 1186 1945 1150 1951 1129 1954 991 1952 992 1983"/></Shape>
	    <String CONTENT="ietterent le sort: lesquels des Caualliers ou Pieton"
                    HPOS="991"
                    VPOS="1938"
                    WIDTH="937"
                    HEIGHT="59"
                    WC="0.996575"></String>
          </TextLine>
          <TextLine ID="line_42"
                    TAGREFS="LT8"
                    BASELINE="994 2032 1925 2023" 
                    HPOS="992"
                    VPOS="1988"
                    WIDTH="933"
                    HEIGHT="86">
            <Shape><Polygon POINTS="994 2032 994 2070 1145 2074 1147 2074 1148 2074 1169 2067 1176 2064 1179 2067 1186 2073 1188 2073 1189 2073 1191 2073 1192 2073 1210 2066 1242 2052 1269 2063 1270 2063 1272 2063 1319 2052 1344 2063 1363 2072 1364 2072 1366 2072 1367 2072 1398 2064 1442 2072 1444 2072 1445 2072 1447 2072 1463 2060 1482 2049 1504 2049 1519 2060 1520 2061 1522 2061 1523 2061 1525 2061 1526 2061 1528 2061 1528 2060 1529 2058 1539 2049 1612 2055 1613 2055 1614 2055 1629 2048 1650 2057 1676 2067 1678 2067 1679 2067 1754 2054 1798 2047 1923 2049 1925 2023 1920 1988 1734 1999 1692 1999 1678 1989 1676 1989 1675 1989 1673 1989 1657 1989 1542 1999 1478 1992 1463 1991 1462 1991 1460 1991 1459 1991 1459 1992 1457 1992 1450 2001 1406 1994 1404 1994 1403 1994 1376 2001 1297 1994 1286 1994 1285 1994 1284 1994 1282 1994 1270 2001 1204 1997 1203 1997 1147 2004 1122 1997 1120 1997 1119 1997 992 1997 994 2032"/></Shape>
	    <String CONTENT="iroyent, cependant que les autres feroyent teste à"
                    HPOS="992"
                    VPOS="1988"
                    WIDTH="933"
                    HEIGHT="86"
                    WC="0.9949875"></String>
          </TextLine>
        </TextBlock>
        <TextBlock HPOS="1829"
                   VPOS="2044"
                   WIDTH="103"
                   HEIGHT="38"
                   ID="eSc_textblock_46ae54e4"
                   TAGREFS="BT17">
          <Shape><Polygon POINTS="1932 2044 1932 2082 1829 2082 1829 2044"/></Shape>
          <TextLine ID="line_43"
                    TAGREFS="LT749"
                    BASELINE="1840 2069 1926 2069" 
                    HPOS="1840"
                    VPOS="2039"
                    WIDTH="86"
                    HEIGHT="50">
            <Shape><Polygon POINTS="1840 2069 1840 2080 1859 2089 1860 2089 1862 2089 1926 2080 1926 2069 1926 2039 1840 2039 1840 2069"/></Shape>
	    <String CONTENT="Cau"
                    HPOS="1840"
                    VPOS="2039"
                    WIDTH="86"
                    HEIGHT="50"
                    WC="0.9994"></String>
          </TextLine>
        </TextBlock>
        <TextBlock HPOS="810"
                   VPOS="1140"
                   WIDTH="169"
                   HEIGHT="209"
                   ID="block_2"
                   TAGREFS="BT2523">
          <Shape><Polygon POINTS="979 1140 979 1349 810 1349 810 1140"/></Shape>
          <TextLine ID="line_19"
                    TAGREFS="LT749"
                    BASELINE="811 1176 976 1175" 
                    HPOS="810"
                    VPOS="1138"
                    WIDTH="166"
                    HEIGHT="53">
            <Shape><Polygon POINTS="811 1176 810 1145 845 1138 850 1138 872 1145 976 1139 976 1190 811 1191"/></Shape>
	    <String CONTENT="Martigues bions, nombre d’harquebuziers pour endommager ce"
                    HPOS="810"
                    VPOS="1138"
                    WIDTH="166"
                    HEIGHT="53"
                    WC="0.9939975923505323"></String>
          </TextLine>
          <TextLine ID="line_28"
                    TAGREFS="LT749"
                    BASELINE="811 1216 972 1211" 
                    HPOS="810"
                    VPOS="1188"
                    WIDTH="162"
                    HEIGHT="39">
            <Shape><Polygon POINTS="811 1216 811 1227 972 1223 972 1211 967 1188 810 1191 811 1216"/></Shape>
	    <String CONTENT="mort d&#x27;v¬"
                    HPOS="810"
                    VPOS="1188"
                    WIDTH="162"
                    HEIGHT="39"
                    WC="0.9989707205030653"></String>
          </TextLine>
          <TextLine ID="line_29"
                    TAGREFS="LT749"
                    BASELINE="813 1251 970 1245" 
                    HPOS="811"
                    VPOS="1222"
                    WIDTH="159"
                    HEIGHT="45">
            <Shape><Polygon POINTS="813 1251 813 1263 928 1267 929 1267 970 1258 970 1245 966 1222 811 1229 813 1251"/></Shape>
	    <String CONTENT="ne harque¬"
                    HPOS="811"
                    VPOS="1222"
                    WIDTH="159"
                    HEIGHT="45"
                    WC="0.999210649728775"></String>
          </TextLine>
          <TextLine ID="line_30"
                    TAGREFS="LT749"
                    BASELINE="816 1288 972 1282" 
                    HPOS="814"
                    VPOS="1254"
                    WIDTH="158"
                    HEIGHT="48">
            <Shape><Polygon POINTS="816 1288 816 1302 972 1302 972 1282 969 1261 932 1254 931 1254 929 1254 928 1254 928 1255 920 1263 851 1264 822 1258 820 1258 819 1258 817 1258 817 1260 816 1260 814 1260 816 1288"/></Shape>
	    <String CONTENT="buzade 19"
                    HPOS="814"
                    VPOS="1254"
                    WIDTH="158"
                    HEIGHT="48"
                    WC="0.977196647061242"></String>
          </TextLine>
          <TextLine ID="line_22"
                    TAGREFS="LT749"
                    BASELINE="816 1327 983 1325" 
                    HPOS="814"
                    VPOS="1290"
                    WIDTH="169"
                    HEIGHT="51">
            <Shape><Polygon POINTS="816 1327 814 1295 982 1290 983 1340 816 1341"/></Shape>
	    <String CONTENT="Nouembre ſte, dont le coup fut ſi violent, que peu d’heures apre"
                    HPOS="814"
                    VPOS="1290"
                    WIDTH="169"
                    HEIGHT="51"
                    WC="0.9925517048686743"></String>
          </TextLine>
        </TextBlock>
        <TextBlock HPOS="817"
                   VPOS="1684"
                   WIDTH="169"
                   HEIGHT="108"
                   ID="block_1"
                   TAGREFS="BT2523">
          <Shape><Polygon POINTS="986 1684 986 1792 817 1792 817 1684"/></Shape>
          <TextLine ID="line_31"
                    TAGREFS="LT749"
                    BASELINE="822 1720 979 1711" 
                    HPOS="819"
                    VPOS="1685"
                    WIDTH="160"
                    HEIGHT="56">
            <Shape><Polygon POINTS="822 1720 822 1741 876 1733 917 1738 919 1738 920 1738 922 1738 922 1736 929 1730 978 1735 979 1711 976 1688 819 1685 822 1720"/></Shape>
	    <String CONTENT="Saillie des"
                    HPOS="819"
                    VPOS="1685"
                    WIDTH="160"
                    HEIGHT="56"
                    WC="0.9863145405595953"></String>
          </TextLine>
          <TextLine ID="line_32"
                    TAGREFS="LT749"
                    BASELINE="826 1755 967 1758" 
                    HPOS="825"
                    VPOS="1726"
                    WIDTH="142"
                    HEIGHT="78">
            <Shape><Polygon POINTS="826 1755 825 1792 839 1802 841 1802 842 1802 844 1804 876 1804 876 1802 878 1802 897 1792 914 1797 916 1797 917 1797 919 1797 920 1797 920 1795 931 1786 932 1786 966 1786 967 1758 966 1736 883 1726 882 1726 826 1732 826 1755"/></Shape>
	    <String CONTENT="aßiege¬"
                    HPOS="825"
                    VPOS="1726"
                    WIDTH="142"
                    HEIGHT="78"
                    WC="0.9852796963282994"></String>
          </TextLine>
        </TextBlock>
      </PrintSpace>
    </Page>
  </Layout>
</alto>
