2811 4025
1071 239 516 103 Anne Asleue..

2144 245 119 144 16,

521 317 1737 121 Loute iniquité, & ſois propice & fauorable, & nous rendrons les veaux de nos leures &

518 402 1733 89 nous ne dirons plus, Ornos dieux ce ſont les ouurages de nos mains: car le pupille & l¬

516 453 1733 101 orphelin obtiendra miſericorde en toy. Que s’ils faiſoyent ainſi, ie gueriroye leurs bleſ¬

518 509 1729 90 ſures, dit le Seigneur: ie les aimeroye, & leur feroye volontiers du bien. Ephraim, qu’¬

518 561 1724 98 ay-ie à faire d’idoles? Qui eſt le ſage & bien aduiſé? & il entendra ces choſes. le prudent?

516 614 1729 97 & il les cognoiſtra. De fait les voyes du Seigneur ſont droites, & les iuſtes chemineront

509 724 1731 87 ſee 14.chap. Noſtre Seigneur Ieſus diſoit à la Samaritaine, Femme, croy moy que l’heu- Iean 4u5

512 780 1722 96 re eſt venue que vous n’adorerez plus le Pere ny en ceſte montagne, ny en Ieruſalem.

518 836 1718 91 Vous adorez ce que vous ne ſauez: nous adorons ce que nous ſauons. car le ſalut eſt des

514 892 1722 89 Iuifs. Mais l’heure viendra, & eſt maintenant, que les vrais adorateurs adoreront le Pe¬

506 942 1872 104 re en eſprit & verité. Mettez peine non point pour la viande qui perit, dit le Seigneur, Iean 6a7.

507 997 1722 94 ains pour celle ꝗ eſt permanẽte à la vie eternelle, laquelle le Fils de l’hõme voꝰ dõnera.

514 668 1728 101 en icelles: mais les meſchans treſbucheront en icelles. Ceci eſt dit par le Prophete O¬

820 1077 1087 96 Du iugement & de la ſentence de mort prononcee contre moy en l’auditoire.

620 1137 1607 117 EEPRES ces choſes, ils conclurent que i’eſtoye heretique, & que le dernier ſuppli¬

505 1256 1722 101 obſtinément. Sur cela ie niay que ie fuſſe heretique: cõme de fait ie ne me ſentoye nul¬

507 1310 1718 103 lement coulpable d’aucune doctrine heretique: en outre que par les loix de Dieu ie ne

507 1364 1720 105 meritoye aucun ſupplice. Quant à la foy & la confeſſion que i’auoye faite à meſſieurs

503 1419 1724 101 du Parlement, l’ayant redigee par eſcrit, qu’il n’y auoit en icelle dequoy ie me deuſſe

500 1473 1725 103 repentir, & que ce n’eſtoit mon intention d’y changer aucune choſe. Sur ce propos ils

503 1520 1717 105 voulurent ſauoir de moy ſi ie nieroye que le corps & le ſang de Chriſt fuſt au Sacremẽt.

498 1571 1722 112 Ie reſpondy que ie nioye du tout cela: veu que le Fils de Dieu que nous confeſſons tous

493 1630 1727 107 eſtre nay de la vierge Marie, eſt maintenãt en haut au ciel, & reuiendra des cieux com- ActaaI.

496 1692 1720 96 me on l’a veu monter. Et pource (dy-ie) qu’on ne ſe contente point des limites des Sa¬

496 1744 1724 103 cremens, vous-vous deſbordez en ſi grande & lourde ſuperſtition, que ce qui eſt Sacre¬

496 1800 1722 98 ment, vous le tenez auſſi & reputez pour Dieu, & ce que vous adorez n’eſt que du pain:

496 1853 1724 105 & qui voudra, pourra auoir certain teſmoignage de cela:aſſauoir que s’il eſt gardé deux

494 1909 1722 101 ou trois mois, il deuient ſi moiſy, qu’eſtant tourné en pourriture, finalement il eſt re¬

491 1963 1727 107 duit à neant. Cela m’eſt vn ſuffiſant argument, que c’eſt du pain: c’eſt voirement vn

489 2010 1286 94 ſacrement en l’action de la Cene, mais ce n’eſt nullement Dieu.

513 2089 1697 91 FINALEMENT ils tindrent propos de faire venir vn Preſtre pour me confeſſer: mais La Confeſ¬

489 2119 1721 114 ie me pris à ſouſrire. Et ils dirent, N’eſt-ce pas vne bonne choſe de confeſſer ſes pechez ſion.

489 2180 1727 103 à vn Preſtre? Ie reſpondy, Il me ſuffira bien de me confeſſer à Dieu: lequel ſeul peut

487 2236 1722 100 ouyr celuy qui ſe confeſſe, & veut pardonner & faire miſericorde à celuy qui ſe repent.

491 2278 1720 121 ¶ Incontinent la ſentence iudiciale fut prononcee contre nous, & fuſmes condamnez

487 2343 1724 116 à mourir, ſans qu’il y euſt enqueſte faite par les douze deputez, qui eſt contre la cou¬

487 2392 342 92 ſtume ordinaire.

652 2468 1362 119 Anne Askeue enuoya au Chancelier ce mot de lettre apres que laſentence decondamnation eur

1115 2537 392 63 eſté prononcee contre elle.

597 2596 1610 94 ALVT vous ſoit donné au Seigneur createur de toutes choſes, & auſſi cognoiſ¬

483 2683 1721 109 inciuile de vous importuner, laquelle poſſible ne vous ſera qu’ennuyeuſe: mais la ne¬

483 2732 1719 116 ceſſité me contraint, & voſtre benignité m’y pouſſe. Et afin que ie ne vous deſtourne de

483 2792 1719 121 vos occupations grandes, voici dequoy ie vous voudroye bien ſupplier en toute humi¬

483 2842 1717 114 lité, Qu’il vous plaiſe preſenter à la maieſté du Roy ces deux ou trois lignes que i’ay eſ¬

480 2893 1716 127 crites touchant la raiſon de ma foy. Que ſi ſon bon plaiſir eſt, qu’il vueille en equité &

480 2951 1713 112 humanité (comme la raiſon le veut) peſer la ſentence que les luges ont prononcee con¬

478 3007 1715 123 tre moy, me condamnans à mort, & conſiderer de bien pres l’aigreur d’icelle: i’auroye e¬

478 3061 1715 112 ſperance que ſa maieſté entendroit facilement que la cauſe de ma mort n’a pas eſté iu¬

478 3114 1715 119 ſtement balancee. Mais, ie remets tout ceſt affaire quel qu’il puiſſe eſtre, au grand Dieu

478 3168 1718 116 ſouuerain Iuge, & treſiuſte inquiſiteur de toutes choſes.Et pour la fin, ie vous deſire tou

476 3226 1717 112 te proſperité, monſieur: & prie Dieu de bon cœur qu’il vous maintienne en bonne ſan

476 3282 1715 139 té, & vous adreſſe en toutes choſes, Ainſi ſoit-il. Voſtre ſeruante en noſtre Seigneur,

476 3329 384 90 ANNE ASKEVE.

2003 3423 108 148 Fa.
