4096 6228
647 460 1499 197 DES TROIS MONDES

2513 474 66 200 1

287 605 2389 211 le comble de cruautez ne leur reſte qu’à boire

287 768 2399 186 Ie ſang des hõmes. Ils ont du vin de Maix auec

283 916 2407 173 eau & miel dont ils ſ'enyurẽt. Mais ils ont des

283 1062 2400 190 preſeruatifs. Les Peres peuuent vendre leurs

283 1200 2410 190 enfans, & les maris leurs femmes: Mais deuant

280 1349 2413 194 quatre teſmoins le larron eſt faict eſclaue ſ'il

276 1494 2421 173 ne rend content: la ſeconde fois il eſt eſcorché

276 1633 2421 193 ou ſacrifiê. Qui vend le libre, il eſt faict eſcla¬

276 1774 2428 201 ue de luy meſme. Qui engroſsit l’eſclaue il eſt

276 1927 2431 187 eſclaue du fils qui en vient: Ils auoient iuges in¬

273 2062 2417 204 ferieurs, l’appel deſquels alloit pardeuant les

283 2217 2421 180 parens du Roy qui iugeoient en dernier reſ¬

273 2356 2431 187 ſort. En la conqueſte de Cortez y a douze

276 2498 2417 186 Eueſchez ſoubs vn Archeueſque, dont le Roy

280 2639 2424 187 de Caſtille a obtenu le Patronage du Pape

283 2785 2424 169 Paul troiſieſme, outre pluſieurs monaſteres de

280 2927 2417 180 Religieux. Or qu’ils ſoient ſuiectz du Roy

280 3072 2427 190 Catholique, ſi eſt-ce qu’ils ont vn Roy qu’ils

280 3214 2420 180 eſlizent du meſme lignage que les anciens e¬

280 3356 2427 173 ſtoient lors de la conqueſte: au deffaut deſ¬

283 3491 2431 193 quels, ils en choiſiſſent tel qu’il leur plaiſt, puis

280 3643 2431 173 eſt confirmé du Roy Catholique. Leurs ar¬

280 3778 2441 180 mes ſont arcs, fleches, lances-gayes, eſpées

280 3923 2444 173 rondelles, & boucliers gentiment faicts & ri¬

280 4065 2441 159 chement ornez. aucuns meſmes eſtoient d'or,

287 4200 2455 190 ils ſe couurent la teſte & le corps iuſques aux

287 4342 467 183 greues.

377 4449 2330 232 Quant à la terre qu'on doit proprement ap-ART. 6.

283 4632 2414 198 peller Amerique (bien qu’Americ Veſpuce n’en

297 4785 2348 180 ait deſcouuert que ce qui approche du Cay

290 4916 2362 294 fainct Auguſtin au deſtroit de Magellan) en la

2139 5082 52 173 C

2711 4747 522 173 Amerique le

2707 4895 513 160 Peru & Ca¬

2659 4989 446 207 ſille d’or.
