1912 2629
290 248 314 63 TROISIEME.

958 236 65 83 86

32 316 913 85 pagnons de Santonge, & Angoumois, & quelques la charge

30 373 909 65 res de Gaſcongne auoyent dreſſé. Puis trois ou qua¬

35 420 907 70 Regiments fantaſſins chacun de neuf enſeignes,

32 483 917 54 queis comſiandoyent l'ardantan, niles pour les

29 517 920 67 ſcons, Campagnac, qui auoit autrefois eſté moyne,

29 559 923 76 n'autre pour les Poiteuins, &c. S’eſtre pourueus à

35 610 918 67 nfolant en Limoſin de quelques legeres pieces, ar¬

32 648 921 74 s & poudres qu’ils y prindrent, s’adreſſerent au Do- en Limoſin

32 703 924 72 ,que Campagnac print:tant par l’ouuerture des por- prins.

36 752 920 62 qu’on bruſla, que par eſchelles ſur la poure defence

35 797 923 73 y firent les habitans: qu’ils rançonnerent à quelques

29 841 929 68 uiers, & prouiſions pour l’armee. Puis rentrez au Poi¬

30 886 935 80 u, prindrent ſans reſiſtence la ville de Luſignan (l’vne Luſignan.

30 939 931 65 nanciennes maiſons de France) où, du Vigeau Gou¬

26 984 935 67 eneur du Chaſteau ſe rendit à eux. Là attendans les

30 1041 934 60 dats, qui de iour à autre y alloyent pour augmenter

27 1080 938 72 nombre de l’armee, firent quelques entreprinſes ſur

29 1124 935 76 vitiers, capitalle du pays. Mais la ſoigneuſe vigilance

37 1174 929 70 Comte du Lude qui en eſt Gouuerneur, aſſiſté de

32 1225 934 67 Affec, Batereſſe, & pluſieurs autres Gentilshommes,

32 1277 672 63 t tourner tous leurs deſſeins en fumee.

35 1315 937 69 Cela les occaſionna de ſuyure leur chemin iuſques à

33 1365 939 67 rleans, d’où ils tirerent deux Canons, vne groſſe Cou¬

33 1412 941 66 urine, auec leurs poudres & munitions, deſquelles

35 1460 939 73 mpees vers le Gaſtinois, ils batirent, & firent aiſee¬

36 1502 949 71 ent breche à Pont ſur Yone: qui pour eſtre ville neuf- Pont ſur

35 1554 953 75 e, à ſes murailles toutes fraiſches, mal accommodees, Tone aßio¬

39 1600 938 73 auſſi mal pourueuës de foſſez, eſtendue comme en

32 1646 967 70 lrré ſut Yone, du coſté de laquelle deux Canons ba¬

36 1697 951 73 oyent, & vne Couleurine en courtine, eſleuee ſur vn

32 1743 956 75 lont qui eſt és vignes prochaines. Neantmoins les Ca¬

32 1792 956 74 ltaines ſaint Martin, ſaint Loup, & quelques autres

35 1838 956 68 ui commandoyent à trois compagnies ſans les Cita¬

33 1885 958 76 ins, ne ſe voulans rendre, la breche fut gaignee & fran¬

32 1941 962 68 hie (pource que bien peu y rendirent combat) par le

32 1980 964 76 moyne Campagnac, qui ſuyui de trois enſeignes, puis

36 2025 960 98 le Piles, Langoiran, & autres, eut la pointe de l’aſſaut.

893 2073 104 56 Tout

950 354 160 65 de Puygref

953 398 70 53 fier.

966 613 154 53 Le Doras

980 1107 133 58 Poitiers,

983 1587 61 59 gé.
