4096 6052
527 521 1571 171 DE L’HISTOIRE ACOMPLIE.

2303 514 195 181 191

238 645 2253 185 fut dreſſé. Y repreſentant les officiers, les

245 793 2250 161 loix, couſtumes, les formes de viure, de par¬

245 921 2256 178 ler, guerroier & autres choſes neceſſaires à

252 1059 2249 174 la forme de l’eſtat, comme nous exprime¬

255 1186 2253 172 rons ailleurs plus menu. Mais qui eſt Hiſto¬

255 1324 2253 178 rien, qui aye repreſenté autre choſe (& en¬

262 1459 2243 168 cor aſſez mal) que peu d’accidens guerriers

269 1576 2241 189 & beaucoup moins de ciuils: Mais trop de Academies&

269 1721 2226 161 faux, de ſuperflus & en mille autres ſortes

269 1866 2229 164 impertinens? Quand aux Sciences, il n’y a

275 2040 2241 135 doute que la reunenenj roic amleidione emee Reantije.

275 2128 2243 161 es Academies publiques Royalement eſta¬

279 2256 2246 174 blies & ſagement entretenues par les Prin¬

282 2397 2246 168 ces, qu’autres particulieres de ce Royaume.

285 2528 2250 171 Mais comment? par iugemens priuez & opi¬

289 2656 2246 164 nions tant variables & incertaines, qu’il ſem¬

295 2787 2243 175 ble ny auoir rien de plus certain, que les di¬

299 2928 2229 155 uerſes interpretations que les maiſtres y

295 3046 2247 164 donnent à leurs diſciples. En la Philoſophie

299 3184 2243 171 meſmement, en laquelle deuroient eſtre les

312 3318 2233 171 plus ordinaires & mieux aſſeurees diſputes

316 3449 2236 162 de la vertu. Laquelle comme la plus neceſ¬

309 3577 2246 171 ſaire partie de tout homme, du Politic ſur

316 3711 2243 172 tous, qui doit prendre la charge du gouuerne¬

319 3843 2243 151 ment de l’eſtat: deuroit eſtre donnee à co¬

326 3974 2236 171 gnoiſtre en ſon iour. C’eſt à dire ſi clairement

332 4115 2230 158 qu’il n’y reſtat aucun doute. Mais comme

326 4239 2239 148 ſortiroit de ces eſcholes noſtre ieuneſſe bien

336 4370 2233 169 informee de la vetu, vraye & ſeule reigle de

339 4512 2226 161 toutes les actions tant publiques & genera¬

339 4633 2230 174 les de l’eſtat, que de tous les particuliers d’i¬

349 4770 2220 172 celuy: puis que les Grecs nos plus grands

349 4902 2213 195 maiſtres, & qui ont de ſi long temps ſemé

2533 1570 476 154 doute que la reunenenj roic amleidione emee Reantije.

2532 1694 413 138 vniuerſitez

2522 1872 497 64 puur liſſuine

2505 1909 437 148 ction de la
