1192 1885
250 65 79 59 20

442 51 417 74 Hiſtoire de la guerre

317 127 729 77 Charles Emanuel, qu’on tient

256 196 792 76 pour Duc de Sauoye & Prince de

247 277 793 63 Piedmont (ſi la forçe & le temps,

249 331 797 72 diſent les Fraçois, donnent aux ac¬

250 398 799 77 queſts des ſeigneuries, plus dedroit

252 466 794 74 que les loix & la raiſon) eſtoit lors

249 535 796 74 tenu par aucuns, l’vn des plus iudi¬

249 604 795 71 cieux (bien que ſignalé entre les

247 670 794 72 moyens) Princes de la Chreſtienté.

246 738 796 71 & s’eſtoit ia bandé contre le Roy

246 808 797 70 dez le commencement des trou¬

245 869 798 80 bles de la Ligue. Car comme celuy

247 940 799 76 qu’on diſoit eſtre de nature, de

243 1011 800 69 nourriture & d’inſtruction ambi¬

246 1077 798 68 tieux, & auoir accreu le deſir de ſes

240 1145 804 69 auancemens, ſur vn aſſez fauorable

239 1210 800 74 ſuccez de quelques petits accidẽs,

239 1276 804 75 s’eſtoit, à l’aduis des François, laiſſé

237 1343 807 78 enleuer à de hautes fantaſies, par le

238 1412 802 78 plaiſir des flateuſes loüanges qu’au

235 1482 799 72 cuns des ſiens luy donnoyẽt à cau¬

234 1550 809 81 ſe de ſes rares vertus, rapportées

840 1614 193 82 meſme¬
