4096 6228
689 456 1540 201 DES TROIS MONDES.

2520 474 166 155 20

328 598 2369 211 en langue estrange, affin de ne rien communi¬

328 757 2376 201 quer au peuple. Il y a des monasteres de Reli¬

332 896 2372 207 gieux & Religieuses. Ils couppent le nez & o¬

325 1041 2382 187 reilles à ceux qui gardent les femmes, & font

328 1190 2383 183 mourir celles qui se laissent aller, & couppent

325 1325 2382 200 les pieds à ceux qui les deshonorẽt. Pizarre de¬

328 1473 2383 198 puis print Cuzco contre Mango Roy, frere

328 1612 2386 197 d’Atabalipa, où il amassa beaucoup plꝯ d’or que

335 1771 2379 187 parauant, & sur tout aux Sepulchres & meu¬

335 1899 2379 201 bles d’or & d’argent. Cusco est par les dix-sept

335 2044 2376 198 degrez au delà l’Equinoctial. Ils croyent la re¬

339 2193 2368 170 surrection du corps, & l’immortalité des ames.

349 2345 2362 180 Almagre fut à Chily pour la conquerir, quar¬

342 2484 2375 169 tier vers le destroiet de musenan, Hlon fort es¬

353 2612 2368 197 longné des Pantagons qu’Americ descou¬

346 2761 2368 190 urit grands comme Geans. Puis venans Piz¬

353 2906 2360 183 zarre & Alemagre à s'entre-quereller pour Almagro.

356 3055 2368 180 leurs conquestes & butins: en fin Alemagre

360 3190 2368 180 fut rompu, sentencié & executé à mort par

360 3325 2368 183 iustice de Pizzarre qui luy fit trancher la te¬

360 3460 2368 179 ste en public comme mutin & rebelle, à Cus¬

367 3608 2347 177 co mil cinq cens quarante. Il estoit d’Eglise,

367 3747 2357 197 superbe, diligent, fort, courageux, liberal, &

370 3895 2365 170 n’eut oncq' de femme: vray est qu’il eut, Dom

373 4037 2355 187 Diego d’Almagro d'vne Indienne de Panama.

370 4172 2361 191 Fernand & Gonzale Pizzarre cõquirent Colao

373 4318 2362 173 terre riche d'or & d’argẽt Puis Fernãd retour¬

380 4456 2365 197 na en Espagne pour en auoir charge, où il fut

380 4605 2365 190 pris par commandement du Roy pour diuerses

387 4740 2362 197 plaintes qu’on fit de luy, & mené à la Mothe de

384 4878 2344 190 Medina Celi. Ce pendãt croissoient les factiõs

380 5030 2379 215 au Perou entre les Pizzariens & Almagristes, gnols.

2139 5176 270 176 C iiij

2766 4826 485 149 Seditions en¬

2752 4937 513 173 tre les Espa¬
