1192 1885
240 75 50 69 6

428 68 416 75 Hiſtoire de la guerre

243 154 803 75 qu’il le contentaſt ſur le fait du

239 209 284 76 Marquiſat.

288 278 759 79 Son Alteſſe, pour laiſſer en la me¬

236 347 811 80 moire des François & de leur poſte

235 412 807 84 rité, vn notable ſeignal de grãdeur,

236 483 812 78 tant de ſon merite & richeſſes, que

231 547 817 82 des alliances Eſpagnoles, vint à

233 618 813 80 Lyon, ſuiui de douze cens des plus

233 688 815 77 remarquez Seigneurs, officiers &

233 754 813 84 autres qualifiez perſonnages, qu’il

231 822 815 77 auoit expreſſémẽt aſſemblé de tous

231 892 811 81 ſes païs: mieux parez que n’euſt per¬

228 959 820 75 mis en autre temps, la forme du

232 1021 812 85 dueil que leur maiſtre portoit, du

227 1089 811 81 decez de la Ducheſſe ſa femme,

229 1157 814 85 puiſnée des deux filles d’Eſpagne.

229 1225 814 82 Train dont le premier & plus grãd

222 1289 820 87 des Monarques Chreſtiens, ſe fut

222 1362 819 83 contenté: comme qui ſuffiſoit à le

244 1437 797 71 uuoir tres-honnorablement &

219 1497 821 83 fort ſuffiſamment ſeruir, puis ſe fit

233 1570 806 88 pompeuſement porter par grand

824 1646 204 69 nombre
