4096 6072
539 259 1701 277 & Republique, liure v.

2503 266 206 226 151

278 536 2450 177 Le meſme auſſi a faict vne grande partie du pays Du nõbre des

192 617 2536 238 des Suyſſes, & la plus grand' part de celuy des Gri-pays qui tiẽ¬

192 769 3119 232 ſons. Semblablement auſſi Geneue, auec vne par- nent la refor

199 900 2520 219 tie de la Sauoye: Toute l'Angleterre & l'Eſcoſſe, &

205 1052 2524 216 les villes qu’on appelle maritimes, leſquels aucuns

207 1178 2542 218 comprennent ſoubs la Germanie, & les Royaumes du Pape¬

212 1305 2547 213 de Suece, de Gotie, de Damnemarc, & le Duché de

215 1447 2548 209 Pruſſe, & la Liuonie, & la Tranſſyluanie. Brief tous

222 1588 2548 216 ces Royaumes & prouinces par l’authorité de leurs

229 1787 2541 149 Rois, de leurs Princes & magiſtrats l'en ſont retirez,

232 1851 2548 220 & n’ont plus riẽ à faire auec le Pape, ains auec Chriſt

242 2017 1036 185 vray chef de l’Egliſe.

354 2111 2426 223 Il y en a auſſi d’autres qui n’oſent encores ſe ma¬

253 2250 2537 232 nifeſter ſi publiquement, leurs Roys & Magiſtrats

256 2398 2544 206 n’y conſentants ouuertement: Comme en Italie, en

263 2526 2544 216 la France, en l’Eſpaigne, en l’Hongrie, en la Dalma¬

266 2664 2534 203 tie, en la Boheme, en la Pologne maieur & mineur,

273 2786 2540 219 en la Lituanie, & en la Ruſcie: eſquels lieux il y a ia

283 2938 2534 189 innumerables oreilles & yeux ouuerts, & vne gran¬

290 3069 2534 203 de cognoiſſance de l’Euangile & de leſus Chriſt par

296 3238 854 179 la grace de Dieu.

394 3369 2446 173 Ceſte publication faicte par le Pape & ſes trente La publica¬

308 3445 2532 218 Cardinaulx ſoubsſignez auec luy, contre toute for-tion dudict

308 3597 2542 218 me accouſtumee, preiugent noſtre doctrine & la cõ Cõcile faicte

313 3730 2514 196 demnent comme hereſie, ſans appeler aucun des

320 3865 2493 196 noſtres: Et ſeulement eſt dict, que là ſe tranſporte

327 3997 2527 206 ront les Eueſques, par la bouche deſquels le Pape

340 4139 2534 205 prononcera ſa condemnation. Neſt-ce pas là vne

344 4267 2530 209 fort gracieuſe publicatiõ, en laquelle nous ſommes

347 4402 2534 209 chargez de treſvillain oultrage, & exclus du Conci¬

357 4533 2537 213 le appelé General, & auquel ſont appelez ſeulement

364 4668 2520 209 nos aduerſaires? Fut-il oncques vne telle generalité,

364 4800 2527 209 hors de laquelle eſt exceptee vne ſi grande partie du

377 4931 2517 220 Chriſtianiſme, comme eſt celle qui embraſſe la do¬

384 5127 834 179 ctrine reformee:

2753 846 570 169 mation de l’E

2749 998 520 132 uangile, non

2763 1092 476 149 la doctrine

2854 3680 516 152 contre toute

2864 3798 553 155 forme accou¬

2861 3923 307 209 ſtumee.
