4096 5832
1811 311 1614 184 PREMIER LIVRE DE L'IDEE

1542 848 2220 185 accompli. Et que repreſentant les fautes des

1536 1108 2229 191 les moyens de faire mieux. Et qu’en d’autres

1532 1240 2236 179 lieux, il prefere les inuentions des noſtres

1542 1503 2226 172 contredit auſſi toſt, conditionnant l’Hiſto¬

1539 1642 2236 172 rien des Graces qui ne ſe treuuent iamais tou¬

1532 1908 2239 185 riographe ne doiue eſtre homme graue, en¬

1536 2028 2245 188 tier, ſeuere, iudicieux, diſert & bien inſtruict

1536 2164 2245 188 en la cognoiſſance, tant de ceſte vie publi¬

1539 2300 2242 181 que & particuliere, que de toutes choſes grã¬

1539 2426 2245 169 des? S'il doit eſtre tel, il peut eſtre. Car s’il ſe

1542 2556 2236 188 fantaſioit ce qui ne ſçauroit eſtre, il ſe mo¬

1545 2698 2236 179 queroit de luy meſme ne diſcourant que par

1548 2822 2240 184 imaginatiue. D’ailleurs, la Nature n’eſt pas ſi

1548 2951 2240 188 laſſe de trauailler, ne tant eſpuiſee de ſes gra¬

1548 3084 2246 185 ces, qu’elle n’en aye aſſez, pour nous faire

1558 3227 2236 171 voir de plus beaux Chefs-d’œuure que ia¬

1555 3350 2239 181 mais: ſi nous luy cooperions d’vn reciproque

1561 3483 2233 178 deuoir. N’a elle pas fait merueilles entre

1558 3606 2239 194 nous en pluſieurs choſes, qu’elle auoit deſnié

1561 3745 2236 172 à tous les ſiecles paſſez? Il dit meſme, que

1565 3884 2236 175 ceux qui croyent que les anciens ont tout

1568 4014 2229 178 fait, ne ſe trompent moins, que ceux qui leur

1574 4140 2223 182 denient l’inuention de pluſieurs choſes que

1574 4273 2223 172 nous tenons d’eux. Si bien que rendre noſtre

1581 4399 2223 182 Siecle impuiſſant c’eſt deshõnorer la Nature

1574 4526 2230 194 de la dite ſi foible, voire deſcourager les hõ¬

1578 4662 2219 210 mes d’entreprendre haut; de faire choſes

1046 486 474 154 Melioret his ains auſſi mal fait, d'ẽ ſouhaitter de meilleurs.

994 625 525 149 quos habemus En quoy il me ſemble bien fort manquer de

998 748 528 159 ſperare amen- iugement: veu qu’il confeſſe qu’vn ſeul n’eſt

994 861 512 127 tiæ: optare ſce¬

1001 955 499 136 leris eſſe vrde¬

1001 1062 539 123 vur Bod. Me- Anciens, il ſe dit auec tant d’autres, tracer

998 1176 327 149 ch.hiſt.

1101 1399 434 136 Si l'on doit aux ſubtilitez des plus vieux. Et meſmes il ſe

1001 1509 476 136 ſouhaitter de

1004 1616 467 117 meilleurs hi¬

1004 1726 486 140 ſtoriens que

1007 1847 516 132 ceux que nous tes en vn ſeul. Qui doute, dit-il, que l’Hiſto¬

1020 1960 263 201 auons.
