4096 7150
1247 448 353 243 692 Hiſtoire de France,

1247 679 2590 238 point qu’il ne les euſt fait conoiſtre coulpa¬

1247 869 2590 223 bles des crimes à luy par eux impoſez, &que

1247 1028 2586 227 le Roy n’auoit de ſi grands ennemis que la

1247 1207 2578 207 maiſon de Lorraine. Ce que par eux enten¬

1243 1378 2582 198 du ils ſe confirmerent en l’opinion qu’il eſ¬

1243 1541 2570 202 peroit bref ſecours, & qu’autrement il ne les

1239 1712 2586 202 braueroit ainſi. Pour à quoy plus prompte¬

1239 1874 2590 191 ment remedier, le Preſident Chriſtofle de

1275 2037 2554 211 Thou, Barthelemy Faye & laques Viole cõ¬

1239 2379 2594 198 des requeſtes auec Bourdin procureur gene

1239 2705 2602 202 Guiſe, & pource expreſſemẽt mãdez, vindrẽt

1215 3197 2614 223 ceux de Guiſe en de Thou, ſur tous les au¬

1211 3368 2622 226 tres, tãt pour leur eſtre affectiõné ſeruiteur,

1235 3531 2598 222 q̃ pour le reconoiſtre autant ruſé & ſubtil en

1231 3686 2594 238 proces qu’hõme viuãt. Ayãt dõc ceſte inſtru¬

1227 3845 2610 238 ctiõ de l’équerir de ſa foy, s’il né pouuoitrié

1227 4011 2606 247 tirer d’ailleurs, il alla par deuers le Prince

1235 4186 2598 247 pour l’interroguer ſus ces charges & infor¬

1235 4353 2606 250 mations: mais il refuſa de leur reſpondre, tãt

1239 4520 2598 254 pour n’eſtre dé leur gibier, que pour autres

1239 4675 2598 262 cauſes de recuſation, qu’il dit auoir contre

1243 4838 2602 250 eux. Dauãtage il dit à de Thou, qu’il trouuoit

1251 4993 2590 270 eſtrange de ce que ſon impudence auoit eſté

1263 5171 2582 270 ſi effrontee de ſe vouloir preſenter deuant

1271 5326 2574 282 luy pour ceſt effect, attẽdu ſa qualité de Prin

1275 5509 2570 262 ce du ſang, qui n’auoit autres iuges que le

1283 5664 2570 314 Roy accompagné de ſes Princes ſeant en la

723 2250 505 161 malité de ſeillers de Paris, enſẽ́ble quelques a Miſtres

723 2602 481 158 obſeruees ral, & du Tillet greffier, choiſis par ceux de

731 2943 465 147 Condé de deuers le Prince pour l’interroguer ſur le cri

723 3054 484 203 ſtiné à la me de leſe Maieſté. Or auoyẽt grande flãce

3535 5847 318 210 Cour

734 2002 434 170 Procedu

723 2137 484 143 res en for

723 2387 417 135 iuſtice, fi

723 2486 460 139 nalement

719 2724 441 147 contre le

719 2852 484 123 Prinee de

727 3193 309 250 mort.
