4096 6120
945 353 1113 194 DIXNEVFIEME.

2554 309 188 231 528

217 510 2501 197 tenir ce qu’ils demãdoient, & ce pendant que chaſque

224 656 2487 170 Seneſchauſſee & Balliage fait election des perſonnes

210 775 2494 177 Eccleſiaſtiques, des Nobles & du populaire pour les

210 901 2487 163 enuoier à Orleans à la conuocation des Eſtats gene¬

210 1016 2494 170 raux, pour l’Egliſe, pour la Nobleſſe, & pour le peu¬

210 1132 2497 173 ple, il fait faire en chacun deſdits Bailliages & en cha¬

207 1261 2507 160 cune Seneſchauſſee ſecrettes menees pour y enuoyer

217 1380 2501 163 quant aux Nobles & aux populaires, quelqu’vn de ſa

217 1492 2494 170 Religion, qui commançoit lors d’eſtre appellee hu¬

224 1611 2490 177 guenotte: car quãt aux Eccleſiaſtiques il voyoit bien

224 1737 2494 167 qu’il n’y en auoit aucun d’euxde ſon coſté. Sur ces pra¬

221 1876 2497 126 tiques & menees, le Roy François deuxieſme mourut

224 1965 2494 180 à Orleans, au mois de Decembre, 1560. & ſa mort eſ¬

224 2087 2490 167 leua l’eſperãce & les deſſeins de l’Amiral, ſi bien qu’il

224 2210 2487 156 renouuella & haſta ſes intelligences & ſes menees, &

224 2322 2487 180 bien que le Roy à preſent regnant venu en ſon enfan¬

227 2448 2494 173 ce à la Couronne, eſtant gouuerné par le ſage aduis &

227 2567 2491 170 cõſeil de la Roine ſa mere, empeſchaſt telles pratiques

234 2689 2487 146 & mandaſt que ſans aucunes brigues on euſt à proce¬

234 2798 2484 163 der à l’election de ceux qui deuoient venir auſdits E¬

231 2920 2493 167 ſtats: ſi eſt-ce qu’on ne ſceut ſi bien empeſcher les me¬

234 3039 2494 167 nees de l’Amiral, que pluſieurs meſmemẽt gentishom¬

238 3162 2483 176 mes de ſon parti ne fuſſent eſleuz, pour venir auſdits

244 3294 378 150 Eſtats.

394 3389 2337 164 Au commencement du mois de Ianuier de l’an mil

244 3519 2487 149 cinq cens ſoixante vn, fut à Orleans l’aſſemblee deſ¬

251 3634 2480 157 dits Eſtats, là où les Catholiques furent brouillez des

251 3753 2487 174 huguenots (ainſi doreſnauant les appellerons nous) en

258 3876 2477 173 leurs demandes, requeſtes, propoſitions, remon¬

255 3988 2480 166 ſtrances, & cayers: de façon qu’ils ſe ſeparerẽt à dreſ¬

258 4114 2487 166 ſer chacun endroit ſoy leurs memoires, les vns aux

258 4222 2494 177 Cordeliers, les autres aux Iacobins de ladicte ville de

275 4365 517 136 Orleans.

401 4457 2351 170 Il ne fut rien accordé en faueur deſdits huguenots:

261 4586 2494 170 dequoy l’Amiral ſe trouua bien eſtõné, voyãt que ſes

261 4702 2501 166 deſſeins auoient vn grand coup ſur la teſte, mais il ne

268 4821 2491 173 perdit cœur pour cela, ains inſiſte & pouſſe plus auãt,

268 4940 2494 156 ne ceſſant de faire menees par toute la France: il ſeme

272 5066 2493 156 de mauuais bruits contre les Princes & Seigneurs, qui

272 5174 2500 211 manioiẽt les affaires, il les met en mauuaiſe opiniõ du
