1821 2647
719 274 424 83 Feurier, M.D.LXVIII. LIVRE

836 322 958 94 cenac conduiſoit, qui pouuoyent eſtre de ſept à hui

836 386 958 74 cents fantaſſins, & cent cheuaux, prenanola toute de

836 433 957 78 Foreſts, pour trancher le Viuarois, & de là ſe retirer au

836 494 958 66 Dauphiné ou Languedoc, la part où ſeroyent les Cher

838 526 956 76 aſſemblez. Montaret Gouuerneur du Bourbonnois, et

838 569 959 86 l’abſence du Duc de Nemours, ſachant tous ces deſſein

839 616 959 82 ſe delibere de les rompre, & les auteurs d’iceux: pourc

842 664 956 85 ioint auec le Marquis de la Chambre, qui auoit quel

845 710 953 78 que nombre de cheuaux: prie Terride, la Valette, Mon

845 766 956 78 ſalez, & d’autres (qui paſſans par Auuergne menoyen

847 805 954 80 les forces de Guyenne, de douze à quinze cents che

850 855 941 78 uaux, & huit mil hommes de pied à ſon Excellence)

850 907 948 78 deſtourner vn peu, & ne laiſſer perdre l’occaſion de de

851 951 949 79 faire ces troupes Confederees, ce qu’ils firent, & atte

856 1001 942 79 gnent Poncenac contre Champoly pres de Feurs, ma

854 1044 950 82 chant en Bataille, pour les auertiſſemens qu’il auoit e

856 1091 947 76 d’eux, iuſques à vn vallon & lieu mareſcageux. Pour le

859 1139 944 83 quel euiter, l’infanterie ne ſe fut pluſtoſt deſrange

867 1188 936 79 qu’elle ſe ſent preſqu’auſſi toſt rompue que charge

863 1329 941 85 pagnons, quelque reſiſtence que les vns & les autr

866 1377 941 80 peuſſent faire. Le Capitaine Villenoze y fut tué ra

866 1420 940 79 liant ſes ſoldats, pour le ſecours de Poncenac, auec pl

867 1473 936 76 de trois cents ſoldats & preſque tous les drapeaux, q

879 1610 930 78 Des Catholiques le Baron de Breſoles fut blecé , do

879 1752 922 83 iuſques à ce qu’on les eut receu à compoſition qui

881 1816 459 64 leur fut tenue toutesfois.

932 1844 881 82 Verbelay cependant auerti de la venue Catholiq

884 1897 928 73 à plus d’vne demyelieuë de là, (car ils marchoyent tr

884 1942 922 81 ſeparez) rebrouſſe chemin auec quelques vns des p

885 1988 922 73 deliberez: mais aſſeuré de la route, & force Catholiq

886 2036 924 113 ſe retira aux ſiens: leſquels il perſuade ſe partir & di

1754 2079 58 70 ſer

689 1138 156 73 Poncenac,

691 1198 154 51 & ſes trou

689 1233 159 56 pes rõpues

691 1273 170 51 par les ca- par grand nombre de cheuaux Catholiques, en meſm

692 1311 169 51 tholiques. temps que les autres rompirent Poncenac & ſes con

726 1545 137 49 L’armee les Chefs victorieux auec leurs troupes preſenterent

701 1585 162 53 des Catho- ſon Excellence: à laquelle ils s’acheminerent de ce pl

701 1630 158 44 liques de

706 1669 153 42 Guyẽne va

711 1698 161 49 trouuer l'e depuis il eſt mort, à ce qu’on dit. Le reſte de l’Infant

706 1735 166 56 Excellence rie ſe retira dans vn clos de murailles, où il comba
