4096 5588
794 214 510 170 M. D. LXIX.

2384 198 386 112 LIVRE

1357 257 2468 196 ſont morts, qui ont bien aidé à infecter l’air, pour n’e¬

1344 527 2488 155 ſiecle, ou pour mieux dire, noſtre malice & meſchãceté

1353 667 2475 127 nous out fait eſleuer & armer les vns contre les autres,

1347 754 2485 174 toute diſcipline militaire eſtant abaſtardie, on à tant

1347 1005 2475 156 tous cheuaux, & beſtes de labeur du pauure païſant,

1344 1117 2491 162 outre vn monde d’autres maux qu’ils font par tout.

1363 1238 2478 168 Ce que les aſſiegez ſupportoient plus impatiemment

1369 1378 2469 136 que ſi telle incommodité leur ruit prouenne de la patt

1363 1477 2475 159 des huguenots: que le mal qu’on endure de l’amy eſt

1363 1589 2472 177 plus faſcheux à ſupporter que celuy de l’aduerſaire. du¬

1357 1719 2484 159 quel on n’attend aucune grace ne plaiſir: voire que par

1363 1831 2484 155 ces exces les defenſeurs rendent la iuſte cauſe & bon

1357 1958 2484 153 party odieux à ceux qui ne iugent que ce qui touche à

1357 2067 2465 158 leur ſens. Quant à la nourriture des grands cheuaux,

1353 2179 2479 167 les foins & auoines faillics, on ſ'eſt aidé de toutes ſor¬

1350 2300 2491 164 tes de grains. Vray eſt qu’aucuns ont brouſté le pampre

1357 2418 2487 168 & la fueille, & quelquesfois deuoré la ronche ſans maſ

1350 2542 2491 161 cher: neantmoins la plus grand' part à eſté entretenuë

1353 2657 2485 164 tellement quellement, & fait ſeruice quand il en a eſté

1353 2772 2479 167 beſoin. Pour le regard des hommes, le magazin de fa¬

1353 2893 2488 167 rines failly, les moulins de la ville, qui eſtoient en tout

1360 3011 2478 171 ſept ou huit, ne mouloient d’auantage de bled qu’il en

1360 3132 2478 168 failloit pour le pain de la munition: & ne demeura en

1360 3256 2475 152 fin qu’vn eu deux moulins pour tous les citoiens, en¬

1357 3377 2487 158 cor mal meſnagez par quelques vns qui par faueur, ou

1360 3480 2481 180 force, ou autre occaſion y faiſoient moudre le bled de

1360 3622 993 159 ceux qui leur plaiſoit.

1540 3719 2304 173 Voila la premiere crainte que le peuple eut de mou

1360 3846 2481 155 rir de faim. Mais la Neceſſité inuentrice & maiſtreſſe

1369 3961 2475 167 des Arts: & le Ventre ce grand aumoſnier & liberal

1372 4079 2469 177 donneur d’eſprit, miſt ſoudain en auant diuers moyẽs

1363 4203 2472 174 pour auoir des farines. Ioint que le naturel des Poite¬

1357 4321 2478 177 nins eſt aſſez ſpirituel de ſoy: car les vns feirent accou¬

1350 4439 2488 161 ſtrer des moulins à mouſtarde qu’ils auoient en leurs

1350 4557 2488 180 maiſons, & ſ'en aiderent à moudre du bled pour leur

1347 4681 2497 177 meſnage: les autres feirent faire des moulins à bras: au

1347 4793 2488 180 cuns faiſoient couper & rondir de grãdes pierres. & la

1347 4914 2478 242 pluſpart des tombes de cemetieres. Tellement que les

888 422 447 158 Diſeipline ſtre entrez aſſez toſt. Car depuis que ce malheureux

788 568 537 130 militaire cor¬

791 686 451 142 rompuë en

791 788 528 161 France, de¬

804 900 531 152 puis ces mal- laſché la bride aux ſoldats, qu’ils prennent aux champs

801 1030 518 152 heureuſes, &

801 1151 534 193 maudites ſe¬

794 1269 311 171 ditons.

804 3722 525 170 Moyens pour

798 3865 543 111 viure en vns

798 3958 496 161 neceßité de

798 4079 527 211 toutes choſes.
