4096 6096
1070 318 766 149 NEVTIEME.

2649 321 200 166 236

203 433 2639 176 Aubeterre & Barbezieux laiſſez à Archiac, elle ſceut que

196 575 2639 163 le Prince de Condé luy venoit au deuant, vn peu retar¬

196 704 2639 149 dé, pource que ceux de Coignac feirent les longs à ſe

203 829 2632 159 rendre, & luy ouurir les portes. De là ſe retirerent à la

206 958 2622 162 Rochelle, pour mettre ordre à leurs affaires par vne

203 1083 1741 142 commune & generale deliberation.

362 1202 2466 169 Meſſieurs d’Eſcars Gouuerneur de Perigord & Li¬

193 1351 2632 142 moſin, de Monluc en Guyẽne, feirent leurs efforts pour

199 1456 2623 166 l’empeſcher, mais ils n’auoiẽt aſſez de forces pour l’ar¬

199 1588 2623 145 reſter. Elle menoit trois regiments d’infanterie, que

196 1713 2626 159 Gaſcons, que des pays prochains, l’vn de vingt trois

199 1832 2623 176 enſeignes ſouz Piles, l’autre de dix ſouz le Viconte de

196 1967 2626 159 Montamar, & celuy du Viconte S Maigrin de neuf:

193 2096 2622 152 & huict Cornettes de caualerie legere de meſme pays.

193 2214 2622 156 Sur le chemin elle feit donner à entendre par la Motre,

196 2346 2626 149 au Roy, Royne, Monſieur, & Cardinal de Bourbon ce

203 2475 2619 156 qu’il luy pleut, ſur les occaſions qui l’auoient meuë

196 2607 2626 149 d’entrer & ſe ioindre auec ſes enfans en la cauſe de la

193 2722 653 149 Religion.

342 2841 2476 169 Les Huguenots de Talard en Dauphiné dechaſſez

186 2970 2636 169 ia long temps de leurs maiſons, & prenans cœur (au

189 3102 2629 155 bruit d’vn tel remuement) ſ'vnirent aueques quelques

193 3220 2622 166 Prouençaux, qui par ſemblable ſ'eſtoient retirez au

196 3352 2622 163 Gapençois. S’eſtans tous preſentez en bataille deuant

186 3471 2629 173 la ville, en fin la prindrent de force, & tuerent pres de

193 3623 2618 146 cent Catholiques trouuez en armes ſouz l’enclos des

189 3725 559 166 murailles.

213 3847 2595 172 L’acheminement des troupes de Normãdie, Aniou,

189 3975 2626 173 Bretaigne, & pays circonuoiſins au deça Loyre, ſe feit

189 4128 2622 142 au meſme teps que des autres: pource d’Andelot, Vida¬

189 4226 2622 163 me de Chartres, Montgommery & ſes freres, ſ'eſtãs ſai¬

193 4351 2622 153 fis de Falaiſe & Allençon, les quitterent ſoudain, n’ayãs

182 4477 2629 169 autre deſſein que d’y aſſeurer le paflage de leurs forces.

193 4595 2629 173 La Nouë, Lauardin, Cognée, du Coudray, Rembouillet

196 4721 2619 176 du Cheſne, Monteiã de Bretagne, Sey, Breſſaut, Rabo¬

193 4849 2625 176 denges, Minguetiere & pluſieurs autres gentilſhõmes

186 4971 2625 183 & capitaines, ayãs amaſſé le plus de gens quails peurẽt,

189 5100 2629 173 pour le peu de loiſir qu’on leur dõnoit, la pluſpart vnies

203 5229 2619 176 pres Laual, deliberent paſſer la riuiere de Loyre, & ioin

213 5350 2598 207 dre les forces de Poitou, prenant le Rendez-vous à S.

2063 5489 308 187 G iiij
