1192 1885
326 98 310 59 EPISTRE.

98 158 799 78 le recit, ne s'en eſtonnera toutesfois, non

99 213 797 91 plus que le Medecin aux plaintes & in¬

100 285 790 79 iures meſmes du patient: ains conti

100 349 792 80 nuant à bien faire, parera contre telles &

101 408 802 92 autres indiſcretions, d’vne integrité de vie

104 488 796 86 & rondeur de conſcience en tous les nar¬

104 550 798 85 rez d’icelle. Ie vous offre doncques partie

106 612 801 104 de la ſuite de l’hiſtoire Françoiſe, laquelle

108 690 795 79 verra la lumiere quand il vous plaira, &

111 747 798 99 à ſa Maiesté (qui me la commandé) faire

109 822 801 82 tirer les rideaux de l’ignorance, ſur les

111 889 799 88 doux coëßins de laquelle, on l’a iuſques ici

113 961 664 96 laiſſé trop pareſſeuſement dormir.

183 1113 720 88 Voſtre tres-humble & tres-affe¬

228 1199 435 76 ctionné ſeruiteur,

282 1298 506 79 LA POPELLINIERE.
