4096 6907
1005 387 1547 269 Sous François II. 681

380 660 2675 218 termination d’vn ſainct & libre Concile,

380 851 2675 204 auquel ils eſperoyent, Dieu aidant, auoir

387 1009 2657 215 gain de cauſe, & que lors ſa Maieſté co¬

380 1185 2671 196 noiſtroit qu’il n’auoit en ſon Royaume de

380 1346 2668 208 plus humbles, obeiſſans & affectionnez ſu¬

383 1527 2668 172 iets. Ceux qui eſtoyent enuoyez en ceſte

380 1669 2671 222 aſſemblee de la part de ceux de Guiſe fu- Touthom

387 1857 2681 192 rent merueilleuſement eſtonnez de voir ce chant eſt

376 2014 2661 211 ieune homme parler d’vne telle hardieſſe. ſoupſon¬

383 2183 2645 192 Car auec la crainte qu’ils auoyent que lon

383 2348 2657 199 propoſaſt quelque choſe à Paris contre leur

380 2505 2648 204 authorité, & du fait de la Religion, ſachans

380 2674 2652 207 bien que le train que prenoit Paris eſtoit

376 2851 2641 184 couſtumierement ſuyui par les autres Pro¬

372 3016 2649 188 uinces, & que la determination des Eſtats

376 3165 2645 219 eſtoit d’vn grand poids, ils s’imaginerent

383 3330 2630 204 vn autre inconuenient, & que ceſte pro¬

380 3491 2629 196 cedure des Huguenots n’eſtoit ſans nou¬

380 3641 2660 219 uelles entrepriſes. Dequoy le Cardinal

380 3810 2625 211 aduerti, & que le ſemblable eſtoit adue¬

387 3975 2641 215 nu par la plus part de toutes les autres bon¬

376 4132 2633 215 nes villes du Royaume, il aduiſa de faire de¬

383 4293 2637 223 fendre aux Eſtats de parler aucunement

372 4455 2633 230 du faict de la Religion, & de mander par¬

368 4620 2645 222 tout qu’on miſt en priſon, ou qu’on fiſt

372 4781 2629 222 mourip tous ceux qui auoyent oſé tenir tels

376 4934 2629 230 propos & y adherer. Parquoy, auec ce

383 5095 2622 234 que Cappel & ſes compaignons ne peurent

376 5260 2622 219 obtenir d’inſerer leurs ſupplications au ca¬

380 5410 2621 223 yer des Eſtats particuliers de Paris, ce fut à

380 5571 2610 269 eux à deſloger. Ce neãtmoins ils ne laiſſerẽt

3067 1845 407 119 mie meſ¬

3063 2171 276 169 neux.
