4096 6120
1473 333 98 166 33

1483 1285 2255 289 LIVRE PREMIER

1595 1591 2034 200 DV DESSEIN DE L’HI¬

1796 1788 1663 167 STOIRE NOVVELLE

2218 1941 806 184 des François.

2571 2223 1195 177 OVS preſchent, tous

2568 2380 1204 163 font leçon du deuoir

2565 2516 1204 153 des hommes: vn ſeul

2554 2652 1212 139 toutefois n’efſectue les

2561 2788 1201 159 belles maximes qu’ils

2551 2920 1215 167 en propoſent. Car cõ¬

2541 3063 1225 150 me il n’y a choſe tant

2537 3189 1225 173 ayſee que l’apprehen¬

1452 3335 2320 156 ſion de nos eſprits. Et rien ſi difficile que la

1452 3468 2320 153 reueſtir de ſes honorables effects. Auſſi ne

1462 3610 2307 157 voit-on choſe ſi ordinaire que de diſcourir

1456 3753 2306 150 de ce que nous deuons faire les vns enuers

1449 3889 2313 163 les autres. Mais quãd on vient à la praticque,

1445 4025 2317 143 ces bons Docteurs meſme s’y trouuent bien

1449 4161 2323 153 empeſchez: Pource, à mon aduis, que d’vn

1445 4290 2314 143 coſté la difficulté des choſes: & de l’autre

1442 4430 2324 166 nos paſſions bigerres, auec les trauerſes qui

1439 4566 2320 163 nous viennent d’ailleurs, nous deſtournent

1442 4709 2310 159 du vray moyen que nous y deuons tenir. Nos

1439 4845 2313 193 ſens nous y trompent à toutes heures. Car
