4096 5868
593 205 1699 244 & Republique, liure II.

2498 224 163 245 56

198 443 2472 189 que ſ'il euſt veſcu, il auoit aſſez reſolu de les humi¬

198 593 959 153 lier en recompenſe.

277 730 2393 153 Il n’y a doubte, Madame, que de communiquer à

192 850 2478 163 meſſieurs de Guyſe les honneurs deuz & propres

192 991 2482 153 ſeulement à ceux du ſang, ne ſoit faire contre meſ¬

192 1111 2482 163 ſeigneurs vos enfans, qui vn iour en feroyent la vẽ¬

205 1248 2469 160 geance. Car Dieu vous ayant faict ceſte grace d’en

195 1375 2479 157 auoir quatre, vous deuez eſperer que les enfans de

195 1515 2475 147 monſieur d’Aniou ſeront au rang que tient auiour¬

198 1633 2466 140 dhuy monſieur le Prince de la Roche-ſur-Yon.

254 1760 2403 143 L’ancienne couſtume des Parlemens, meſmement

198 1897 2453 140 de celuy de Paris, a touſiours eſté d’empeſcher que

198 2024 2450 147 nul ne ſ'y attribuaſt le nom de Prince, ſ'il n’eſt du

195 2146 2462 162 ſang. Ce que meſme a eſté cõfermé és perſonnes de le nom de

195 2273 2467 172 meſdicts ſieurs de Guyſe plaidant deuãt le feu Pre-Prince, s’il

195 2396 2467 171 ſident Lizer, lequer dret enpremie audiece a ſeur aue neje un jong¬

205 2578 2472 134 uocat, preſat la quaiite de Prince, que ce tiitre n’ap¬

205 2676 2472 166 partenoit en France qu’aux Princes du ſang: & or¬

205 2810 2452 153 donna ſur le champ qu’elle ſeroit rayee. Parquoy,

205 2940 2472 150 Madame, vous ne deuez endurer telles choſes ex¬

208 3067 2475 157 traordinaires, meſmement durant le bas aage du

208 3194 2475 160 Roy voſtre fils, pendant lequel on ne peult alterer

205 3321 2475 160 les eſtabliſſemẽs de l’Eſtat, ſans le mettre en danger

205 3455 2475 144 d’eſtre entierement peruerti: & deuez mettre pour

202 3582 2485 157 Ie moins auec ceux de Guyſe d’autres miniſtres qui

205 3716 2478 156 ſoyent Francois naturels, pour leur ſeruir de bride

215 3846 2468 140 & contrepoix, retenant voſtre Maieſté le deſſus ſur

211 3983 2469 150 les vns & ſur les autres. Qui ſera le moyen propre

218 4107 2452 157 pour appaiſer l’humeur des Huguenaults d’eſtat,

218 4238 2456 149 d’autant plus dãgereuſe que celle des Huguenaults

211 4365 2469 153 de religion, que tous les Gentilshommes & les treſ¬

218 4492 2459 146 fonciers de ce Royaume en ſont: ſi ce ne ſont para¬

218 4638 2452 141 uanture aucuns particuliers corrompus aux deſpẽs

218 4753 998 163 de la bourſe du Roy.

316 4870 2345 231 Et comme la Roine eut dict audict de la Planche,

2687 1701 502 170 La couſtume

2680 1845 522 124 des Parlemẽs

2680 1965 548 157 eſt, que nul ne

2674 2073 505 153 s’y attribue
