<?xml version="1.0" encoding="UTF-8"?>
<alto xmlns:xsi="http://www.w3.org/2001/XMLSchema-instance"
      xmlns="http://www.loc.gov/standards/alto/ns-v4#"
      xsi:schemaLocation="http://www.loc.gov/standards/alto/ns-v4# http://www.loc.gov/standards/alto/v4/alto-4-2.xsd">
  <Description>
    <MeasurementUnit>pixel</MeasurementUnit>
    <sourceImageInformation>
      <fileName>page_124.jpg</fileName>
    </sourceImageInformation>
  </Description>
  <Tags>
    <OtherTag ID="BT7" LABEL="CustomZone" DESCRIPTION="block type CustomZone"/><OtherTag ID="BT8" LABEL="DamageZone" DESCRIPTION="block type DamageZone"/><OtherTag ID="BT9" LABEL="DigitizationArtefactZone" DESCRIPTION="block type DigitizationArtefactZone"/><OtherTag ID="BT10" LABEL="DropCapitalZone" DESCRIPTION="block type DropCapitalZone"/><OtherTag ID="BT11" LABEL="GraphicZone" DESCRIPTION="block type GraphicZone"/><OtherTag ID="BT12" LABEL="MainZone" DESCRIPTION="block type MainZone"/><OtherTag ID="BT13" LABEL="MarginTextZone" DESCRIPTION="block type MarginTextZone"/><OtherTag ID="BT14" LABEL="MusicZone" DESCRIPTION="block type MusicZone"/><OtherTag ID="BT15" LABEL="NumberingZone" DESCRIPTION="block type NumberingZone"/><OtherTag ID="BT17" LABEL="QuireMarksZone" DESCRIPTION="block type QuireMarksZone"/><OtherTag ID="BT18" LABEL="RunningTitleZone" DESCRIPTION="block type RunningTitleZone"/><OtherTag ID="BT19" LABEL="SealZone" DESCRIPTION="block type SealZone"/><OtherTag ID="BT20" LABEL="StampZone" DESCRIPTION="block type StampZone"/><OtherTag ID="BT21" LABEL="TableZone" DESCRIPTION="block type TableZone"/><OtherTag ID="BT22" LABEL="TitlePageZone" DESCRIPTION="block type TitlePageZone"/><OtherTag ID="BT2522" LABEL="MainZone-Continued" DESCRIPTION="block type MainZone-Continued"/><OtherTag ID="BT2523" LABEL="MarginTextZone-Notes" DESCRIPTION="block type MarginTextZone-Notes"/><OtherTag ID="BT2524" LABEL="MainZone-Head" DESCRIPTION="block type MainZone-Head"/><OtherTag ID="BT2525" LABEL="MainZone-P" DESCRIPTION="block type MainZone-P"/><OtherTag ID="BT2526" LABEL="MainZone-Signature" DESCRIPTION="block type MainZone-Signature"/><OtherTag ID="BT2527" LABEL="TitlePageZone-Index" DESCRIPTION="block type TitlePageZone-Index"/><OtherTag ID="BT2528" LABEL="MainZone-Entry" DESCRIPTION="block type MainZone-Entry"/><OtherTag ID="BT2529" LABEL="MainZone-Sp" DESCRIPTION="block type MainZone-Sp"/><OtherTag ID="BT2530" LABEL="GraphicZone-Decoration" DESCRIPTION="block type GraphicZone-Decoration"/><OtherTag ID="BT2531" LABEL="MarginTextZone-ManuscriptAddendum" DESCRIPTION="block type MarginTextZone-ManuscriptAddendum"/><OtherTag ID="BT2532" LABEL="MainZone-Other" DESCRIPTION="block type MainZone-Other"/><OtherTag ID="BT2533" LABEL="MainZone-ListItem" DESCRIPTION="block type MainZone-ListItem"/><OtherTag ID="BT2534" LABEL="GraphicZone-Head" DESCRIPTION="block type GraphicZone-Head"/><OtherTag ID="BT2535" LABEL="MainZone-Lg" DESCRIPTION="block type MainZone-Lg"/><OtherTag ID="BT2536" LABEL="MainZone-Date" DESCRIPTION="block type MainZone-Date"/>
    <OtherTag ID="LT7" LABEL="CustomLine" DESCRIPTION="line type CustomLine"/><OtherTag ID="LT8" LABEL="DefaultLine" DESCRIPTION="line type DefaultLine"/><OtherTag ID="LT9" LABEL="DropCapitalLine" DESCRIPTION="line type DropCapitalLine"/><OtherTag ID="LT10" LABEL="HeadingLine" DESCRIPTION="line type HeadingLine"/><OtherTag ID="LT11" LABEL="InterlinearLine" DESCRIPTION="line type InterlinearLine"/><OtherTag ID="LT12" LABEL="MusicLine" DESCRIPTION="line type MusicLine"/><OtherTag ID="LT749" LABEL="default" DESCRIPTION="line type default"/>
  </Tags>
  <Layout>
    <Page WIDTH="4096"
          HEIGHT="5540"
          PHYSICAL_IMG_NR="122"
          ID="eSc_dummypage_">
      <PrintSpace HPOS="0"
                  VPOS="0"
                  WIDTH="4096"
                  HEIGHT="5540">
        <TextBlock HPOS="1176"
                   VPOS="313"
                   WIDTH="803"
                   HEIGHT="143"
                   ID="block_1"
                   TAGREFS="BT18">
          <Shape><Polygon POINTS="1979 313 1979 456 1176 456 1176 313"/></Shape>
          <TextLine ID="line_0"
                    TAGREFS="LT10"
                    BASELINE="1173 418 2001 406" 
                    HPOS="1170"
                    VPOS="280"
                    WIDTH="831"
                    HEIGHT="178">
            <Shape><Polygon POINTS="1173 440 1351 458 1355 458 1521 440 1579 455 1582 455 1586 455 1783 437 1949 449 1952 449 1955 449 2001 427 2001 406 1995 313 1823 280 1820 280 1817 280 1813 280 1813 283 1776 313 1776 317 1770 313 1706 283 1703 283 1616 283 1613 283 1435 295 1432 295 1382 317 1367 323 1170 320 1173 418"/></Shape>
	    <String CONTENT="Aouſt, M. D. LXIX."
                    HPOS="1170"
                    VPOS="280"
                    WIDTH="831"
                    HEIGHT="178"
                    WC="0.9675858500930998"></String>
          </TextLine>
        </TextBlock>
        <TextBlock HPOS="2503"
                   VPOS="318"
                   WIDTH="517"
                   HEIGHT="140"
                   ID="block_2"
                   TAGREFS="BT18">
          <Shape><Polygon POINTS="3020 318 3020 458 2503 458 2503 318"/></Shape>
          <TextLine ID="line_5"
                    TAGREFS="LT10"
                    BASELINE="2503 415 3011 415" 
                    HPOS="2503"
                    VPOS="289"
                    WIDTH="508"
                    HEIGHT="178">
            <Shape><Polygon POINTS="2503 440 2565 464 2568 464 2571 467 2642 467 2642 464 2645 464 2648 464 2676 446 2682 443 2762 443 2768 446 2787 461 2787 464 2790 464 2793 464 2796 467 2888 467 2888 464 2891 464 2894 464 2894 461 2910 452 2916 446 2922 452 2934 461 2938 461 2941 461 2944 461 3011 452 3011 415 3011 320 2731 320 2713 304 2691 289 2688 289 2685 289 2682 289 2503 295 2503 415"/></Shape>
	    <String CONTENT="LIVRE"
                    HPOS="2503"
                    VPOS="289"
                    WIDTH="508"
                    HEIGHT="178"
                    WC="0.9960434556007385"></String>
          </TextLine>
        </TextBlock>
        <TextBlock HPOS="1553"
                   VPOS="464"
                   WIDTH="2285"
                   HEIGHT="428"
                   ID="block_0"
                   TAGREFS="BT2522">
          <Shape><Polygon POINTS="3838 464 3838 892 1553 892 1553 464"/></Shape>
          <TextLine ID="eSc_line_6fb0a58d"
                    TAGREFS="LT8"
                    BASELINE="1563 540 3837 554" 
                    HPOS="1563"
                    VPOS="430"
                    WIDTH="2274"
                    HEIGHT="170">
            <Shape><Polygon POINTS="1586 430 1595 430 1641 449 1678 433 1684 433 1767 449 1792 433 2100 433 2143 461 2242 461 2396 437 2399 437 2676 443 2682 443 2710 461 2888 443 2891 443 3036 464 3051 467 3169 467 3172 464 3212 440 3221 440 3307 443 3313 443 3347 464 3350 467 3363 464 3433 446 3436 446 3523 443 3529 443 3587 464 3597 467 3615 464 3763 443 3769 443 3837 464 3837 554 3834 575 3621 600 3615 600 3547 581 3464 597 3461 597 3227 575 3184 575 2984 597 2978 597 2931 578 2805 590 2802 590 2682 575 2648 572 2642 575 2614 594 2605 594 2516 578 2377 594 2371 594 2331 575 2328 575 2285 594 2278 594 2177 590 2171 590 2149 575 2143 569 2112 575 2041 587 2035 587 1983 575 1958 569 1915 575 1844 584 1841 584 1743 575 1659 566 1563 566 1563 437"/></Shape>
	    <String CONTENT=""
                    HPOS="1563"
                    VPOS="430"
                    WIDTH="2274"
                    HEIGHT="170"></String>
          </TextLine>
          <TextLine ID="eSc_line_bde42104"
                    TAGREFS="LT8"
                    BASELINE="1550 647 2165 643 3831 661" 
                    HPOS="1549"
                    VPOS="560"
                    WIDTH="2282"
                    HEIGHT="144">
            <Shape><Polygon POINTS="1718 572 1789 575 1810 572 1887 560 1894 560 1927 575 1940 578 1971 575 2048 563 2051 563 2109 575 2131 578 2180 575 2359 563 2365 563 2399 578 2411 581 2426 578 2469 566 2476 566 2577 578 2602 581 2617 578 2685 566 2694 566 2716 581 2753 581 2944 569 2953 569 2971 581 2978 584 3027 581 3261 569 3267 569 3304 584 3319 584 3535 572 3541 572 3572 587 3575 590 3828 590 3831 661 3828 683 3809 701 3803 701 3803 704 3483 704 3480 701 3350 683 2990 698 2987 698 2894 680 2830 680 2439 695 2429 695 2408 680 2405 677 2399 680 2374 692 2368 692 2245 680 2208 677 2195 680 2161 692 2155 692 2011 680 1937 674 1900 680 1841 689 1838 689 1743 680 1687 674 1666 680 1635 689 1629 689 1552 680 1550 680 1549 562"/></Shape>
	    <String CONTENT=""
                    HPOS="1549"
                    VPOS="560"
                    WIDTH="2282"
                    HEIGHT="144"></String>
          </TextLine>
          <TextLine ID="eSc_line_f2b26224"
                    TAGREFS="LT8"
                    BASELINE="1549 749 3824 763" 
                    HPOS="1549"
                    VPOS="664"
                    WIDTH="2275"
                    HEIGHT="145">
            <Shape><Polygon POINTS="1570 667 1573 667 1712 686 1736 686 1789 664 2014 664 2482 689 2513 689 2562 667 2728 667 2777 692 2796 692 2913 670 2916 670 3085 686 3150 670 3159 670 3205 692 3209 692 3393 674 3399 674 3436 695 3443 698 3513 698 3520 695 3590 674 3603 674 3630 695 3634 698 3821 698 3824 763 3821 809 3430 809 3427 806 3421 806 3378 790 3175 803 3159 803 3104 787 2999 803 2974 803 2857 787 2817 803 2796 803 2703 784 2319 797 2315 797 2183 781 1549 787 1549 671"/></Shape>
	    <String CONTENT=""
                    HPOS="1549"
                    VPOS="664"
                    WIDTH="2275"
                    HEIGHT="145"></String>
          </TextLine>
          <TextLine ID="eSc_line_8ffecf0c"
                    TAGREFS="LT8"
                    BASELINE="1558 852 2817 861" 
                    HPOS="1558"
                    VPOS="765"
                    WIDTH="1259"
                    HEIGHT="127">
            <Shape><Polygon POINTS="1595 766 1601 766 1613 778 1623 784 1709 778 1863 766 1872 766 1887 778 1903 784 2069 775 2235 769 2242 769 2263 775 2297 787 2343 775 2371 769 2380 769 2399 775 2439 794 2559 794 2574 775 2577 775 2577 772 2586 772 2611 775 2719 790 2811 775 2817 861 2814 883 1573 892 1564 892 1558 888 1559 765"/></Shape>
	    <String CONTENT=""
                    HPOS="1558"
                    VPOS="765"
                    WIDTH="1259"
                    HEIGHT="127"></String>
          </TextLine>
        </TextBlock>
        <TextBlock HPOS="1522"
                   VPOS="891"
                   WIDTH="2312"
                   HEIGHT="2215"
                   ID="block_3"
                   TAGREFS="BT2525">
          <Shape><Polygon POINTS="3834 891 3834 3106 1522 3106 1522 891"/></Shape>
          <TextLine ID="eSc_line_52780d75"
                    TAGREFS="LT8"
                    BASELINE="1623 956 3828 966" 
                    HPOS="1623"
                    VPOS="867"
                    WIDTH="2205"
                    HEIGHT="145">
            <Shape><Polygon POINTS="1626 889 1675 867 1684 867 1749 889 1820 867 1826 867 1964 892 1980 892 2051 871 2214 871 2278 892 2282 895 2534 895 2596 874 2605 874 2663 895 2670 898 2802 898 2805 895 2845 874 3159 874 3341 877 3344 877 3390 898 3393 901 3504 901 3507 898 3532 880 3541 880 3824 901 3828 966 3824 991 3209 1012 3205 1012 3095 994 3036 1009 3024 1009 2996 991 2938 1009 2931 1009 2821 991 2694 1009 2691 1009 2519 991 2242 1006 2238 1006 2121 987 2081 1006 2078 1006 2078 1009 1832 1009 1829 1006 1659 1003 1653 1003 1623 984 1624 889"/></Shape>
	    <String CONTENT=""
                    HPOS="1623"
                    VPOS="867"
                    WIDTH="2205"
                    HEIGHT="145"></String>
          </TextLine>
          <TextLine ID="eSc_line_770836d3"
                    TAGREFS="LT8"
                    BASELINE="1549 1071 3831 1071" 
                    HPOS="1549"
                    VPOS="978"
                    WIDTH="2282"
                    HEIGHT="145">
            <Shape><Polygon POINTS="1570 984 1573 984 1641 997 1687 978 1693 978 1807 1000 1943 981 1946 981 2032 1000 2091 978 2097 978 2254 981 2260 981 2288 1003 2386 1003 2429 978 2654 978 2725 1000 2796 978 2802 978 3002 1003 3110 1003 3150 981 3156 981 3242 1000 3381 981 3387 981 3443 997 3507 978 3517 978 3590 997 3640 978 3646 978 3831 1003 3831 1098 3717 1120 3714 1120 3563 1104 3347 1120 3344 1120 3261 1101 3252 1101 3215 1120 3212 1120 3212 1123 3064 1123 3061 1120 3055 1120 3033 1104 3030 1101 3011 1104 2913 1120 2910 1120 2734 1104 2682 1101 2599 1104 2355 1120 2349 1120 2309 1108 2291 1101 2269 1108 2235 1117 2223 1117 2211 1108 2198 1101 2109 1108 1983 1117 1980 1117 1906 1108 1841 1101 1817 1108 1795 1117 1789 1117 1749 1111 1703 1101 1549 1104 1549 986"/></Shape>
	    <String CONTENT=""
                    HPOS="1549"
                    VPOS="978"
                    WIDTH="2282"
                    HEIGHT="145"></String>
          </TextLine>
          <TextLine ID="line_12"
                    TAGREFS="LT8"
                    BASELINE="1536 1166 3828 1175" 
                    HPOS="1536"
                    VPOS="1080"
                    WIDTH="2292"
                    HEIGHT="129">
            <Shape><Polygon POINTS="3824 1108 3563 1108 3553 1101 3507 1086 3504 1086 3501 1086 3498 1086 3461 1101 3452 1108 3292 1108 3273 1098 3230 1086 3227 1086 3224 1086 3162 1098 3128 1104 3082 1098 2990 1083 2987 1083 2928 1095 2897 1101 2740 1092 2546 1083 2543 1083 2540 1083 2522 1092 2500 1101 2408 1089 2374 1086 2371 1086 2368 1086 2359 1089 2328 1101 2294 1089 2272 1080 2269 1080 2266 1080 2131 1086 1890 1098 1835 1083 1823 1080 1820 1080 1817 1080 1813 1080 1810 1080 1807 1083 1786 1098 1659 1080 1644 1080 1641 1080 1638 1080 1635 1080 1589 1098 1539 1080 1536 1166 1536 1209 3824 1209 3828 1175 3824 1108"/></Shape>
	    <String CONTENT="ner la breche: ſur le ſoir ils enuoyerẽt quelques vns pour"
                    HPOS="1536"
                    VPOS="1080"
                    WIDTH="2292"
                    HEIGHT="129"
                    WC="0.994288911253719"></String>
          </TextLine>
          <TextLine ID="line_13"
                    TAGREFS="LT8"
                    BASELINE="1533 1274 3834 1283" 
                    HPOS="1530"
                    VPOS="1188"
                    WIDTH="2304"
                    HEIGHT="141">
            <Shape><Polygon POINTS="1533 1274 1530 1301 1582 1320 1586 1320 1589 1320 2152 1311 2297 1308 2315 1311 2371 1323 2374 1323 2731 1317 2984 1311 3033 1320 3079 1326 3082 1329 3831 1329 3834 1283 3831 1200 3104 1212 2787 1200 2485 1191 2482 1191 2479 1191 2445 1203 2426 1209 2408 1203 2383 1191 2380 1191 2377 1191 2263 1203 2223 1206 2217 1203 2192 1188 2189 1188 2186 1188 2183 1188 2180 1188 2121 1203 2118 1203 2103 1188 2100 1188 2097 1188 1721 1188 1718 1188 1715 1188 1678 1203 1672 1206 1533 1206 1533 1274"/></Shape>
	    <String CONTENT="recognoiſtre la breche: leſquels ne trouuans reſiſtence tel"
                    HPOS="1530"
                    VPOS="1188"
                    WIDTH="2304"
                    HEIGHT="141"
                    WC="0.987070620059967"></String>
          </TextLine>
          <TextLine ID="line_14"
                    TAGREFS="LT8"
                    BASELINE="1533 1375 3828 1391" 
                    HPOS="1530"
                    VPOS="1301"
                    WIDTH="2298"
                    HEIGHT="136">
            <Shape><Polygon POINTS="1533 1375 1530 1412 1549 1425 1552 1425 1555 1425 1558 1425 1798 1409 2051 1428 2054 1431 2319 1431 2319 1428 2322 1428 2374 1412 2383 1409 2396 1412 2454 1431 2457 1431 2460 1431 2574 1412 2590 1412 2605 1412 2725 1431 2728 1431 2731 1431 2774 1415 2784 1412 3202 1412 3218 1418 3267 1431 3270 1431 3273 1431 3338 1418 3366 1415 3396 1418 3501 1437 3504 1437 3581 1421 3600 1418 3627 1421 3747 1437 3751 1437 3824 1421 3828 1391 3828 1326 3757 1308 3754 1308 3751 1308 3449 1320 3375 1323 3261 1320 2891 1301 2888 1301 2885 1301 2836 1314 2824 1317 2808 1314 2765 1301 2762 1301 1533 1301 1533 1375"/></Shape>
	    <String CONTENT="le qu’ils cuidoyent, vingt cinq ou trente entrerent aſſez"
                    HPOS="1530"
                    VPOS="1301"
                    WIDTH="2298"
                    HEIGHT="136"
                    WC="0.9847867603887591"></String>
          </TextLine>
          <TextLine ID="line_15"
                    TAGREFS="LT8"
                    BASELINE="1536 1483 3821 1492" 
                    HPOS="1533"
                    VPOS="1397"
                    WIDTH="2288"
                    HEIGHT="141">
            <Shape><Polygon POINTS="1536 1483 1533 1508 1776 1532 1780 1532 1783 1532 1786 1532 1807 1514 1841 1532 1844 1532 1847 1532 1850 1532 1906 1514 1912 1514 1918 1514 2004 1532 2007 1532 2103 1517 2128 1514 2165 1517 2300 1535 2303 1535 2420 1520 2439 1520 2460 1523 2580 1535 2583 1535 2586 1535 2590 1535 2605 1523 2620 1517 2756 1526 2910 1535 2913 1535 2916 1535 2919 1535 2931 1529 2950 1517 3011 1529 3061 1538 3064 1538 3067 1538 3070 1538 3079 1529 3095 1520 3128 1529 3147 1535 3150 1535 3153 1535 3178 1532 3227 1520 3242 1532 3249 1538 3252 1538 3255 1538 3258 1538 3375 1535 3671 1520 3815 1538 3821 1492 3815 1409 3387 1421 3369 1409 3363 1403 3359 1403 3356 1403 3353 1403 3316 1409 3252 1421 3218 1409 3202 1403 3199 1403 3196 1403 3055 1409 2885 1418 2867 1409 2845 1400 2842 1400 2839 1400 2771 1409 2737 1415 2703 1412 2636 1400 2633 1400 2540 1412 2479 1418 2460 1412 2429 1400 2426 1400 2423 1400 2278 1412 2229 1415 2211 1412 2140 1397 2137 1397 2134 1397 2131 1397 2106 1412 2097 1418 1983 1418 1977 1412 1958 1397 1955 1397 1952 1397 1838 1397 1835 1397 1832 1397 1829 1397 1810 1412 1807 1415 1773 1412 1604 1400 1601 1400 1536 1412 1536 1483"/></Shape>
	    <String CONTENT="auant dedens le pré, les ſentinelles, qui eſtoyẽt touſiours"
                    HPOS="1533"
                    VPOS="1397"
                    WIDTH="2288"
                    HEIGHT="141"
                    WC="0.9821609190252961"></String>
          </TextLine>
          <TextLine ID="line_16"
                    TAGREFS="LT8"
                    BASELINE="1530 1591 3821 1600" 
                    HPOS="1527"
                    VPOS="1501"
                    WIDTH="2294"
                    HEIGHT="139">
            <Shape><Polygon POINTS="1530 1591 1527 1612 1629 1634 1632 1634 2232 1621 2285 1621 2297 1621 2402 1637 2405 1637 2497 1625 2525 1621 2593 1625 2768 1637 2771 1637 2774 1637 2777 1637 2790 1628 2802 1621 3045 1621 3233 1621 3242 1631 3252 1640 3255 1640 3258 1640 3261 1640 3316 1634 3378 1625 3390 1634 3396 1640 3399 1640 3403 1640 3406 1640 3470 1634 3581 1625 3815 1637 3821 1600 3818 1532 3600 1532 3597 1529 3572 1508 3569 1508 3566 1508 3563 1508 3483 1526 3464 1529 3430 1526 3295 1508 3292 1508 3289 1508 3286 1508 3267 1523 3258 1532 3159 1532 3144 1523 3122 1508 3119 1508 3116 1508 3113 1508 3039 1520 3018 1523 3008 1520 2968 1505 2965 1505 2962 1505 2879 1517 2830 1526 2817 1517 2802 1505 2799 1505 2796 1505 2679 1505 2676 1505 2673 1505 2642 1514 2608 1526 2577 1514 2556 1505 2553 1505 2429 1505 2426 1505 2423 1505 2408 1511 2383 1526 2294 1511 2257 1505 2254 1505 2251 1505 2248 1505 2242 1511 2223 1526 1906 1526 1823 1505 1807 1501 1530 1501 1530 1591"/></Shape>
	    <String CONTENT="à l’eſchauguette dans le hault des clochers: les auiſans ne"
                    HPOS="1527"
                    VPOS="1501"
                    WIDTH="2294"
                    HEIGHT="139"
                    WC="0.9893385171890259"></String>
          </TextLine>
          <TextLine ID="line_17"
                    TAGREFS="LT8"
                    BASELINE="1527 1695 3815 1702" 
                    HPOS="1524"
                    VPOS="1606"
                    WIDTH="2291"
                    HEIGHT="139">
            <Shape><Polygon POINTS="1527 1695 1524 1723 1619 1742 1623 1742 2670 1729 2728 1745 2731 1745 2734 1745 3812 1729 3815 1702 3812 1634 3640 1615 3637 1615 3634 1615 3597 1631 3594 1634 3249 1634 3242 1628 3230 1615 3227 1615 3224 1615 3221 1615 3141 1625 3104 1631 3076 1625 3002 1609 2999 1609 2891 1625 2830 1631 2762 1621 2636 1606 2633 1606 2537 1621 2488 1628 2463 1618 2429 1606 2426 1606 2205 1606 2201 1606 2198 1606 2195 1606 2183 1618 2171 1628 2084 1628 2048 1615 2029 1609 2026 1609 2023 1609 2020 1609 2004 1615 1977 1631 1841 1631 1810 1612 1795 1606 1792 1606 1789 1606 1527 1609 1527 1695"/></Shape>
	    <String CONTENT="faillirent à ſonner l’alarme, où tous ſe trouuerent prom¬"
                    HPOS="1524"
                    VPOS="1606"
                    WIDTH="2291"
                    HEIGHT="139"
                    WC="0.9785644583782908"></String>
          </TextLine>
          <TextLine ID="line_18"
                    TAGREFS="LT8"
                    BASELINE="1524 1806 3815 1806" 
                    HPOS="1524"
                    VPOS="1711"
                    WIDTH="2291"
                    HEIGHT="141">
            <Shape><Polygon POINTS="1524 1806 1524 1852 1712 1837 1826 1852 1829 1852 1832 1852 1881 1837 2134 1837 2158 1852 2161 1852 2165 1852 2168 1852 2374 1837 2513 1852 2516 1852 2519 1852 2580 1837 2688 1852 2691 1852 2805 1837 2916 1852 2919 1852 2922 1852 2984 1837 3107 1852 3110 1852 3113 1852 3689 1837 3812 1852 3815 1806 3815 1738 3723 1717 3720 1717 3535 1732 3504 1735 3498 1732 3455 1714 3452 1714 3329 1711 3326 1711 3322 1711 3264 1729 3249 1735 3236 1729 3199 1711 3196 1711 3030 1711 3027 1711 3024 1711 2965 1726 2928 1735 2879 1726 2802 1711 2799 1711 2796 1711 2759 1723 2725 1738 2513 1738 2469 1720 2439 1711 2436 1711 2432 1711 2429 1711 2426 1711 2414 1720 2389 1735 2189 1717 2171 1717 2168 1717 2165 1717 2161 1717 2106 1735 2054 1717 2041 1711 2038 1711 2035 1711 2032 1711 2014 1714 1943 1735 1894 1714 1890 1714 1743 1711 1740 1711 1736 1711 1730 1711 1638 1735 1598 1711 1595 1711 1592 1711 1524 1711 1524 1806"/></Shape>
	    <String CONTENT="ptemẽt, en ſorte que chacun apresauoir prins ſon cartier,"
                    HPOS="1524"
                    VPOS="1711"
                    WIDTH="2291"
                    HEIGHT="141"
                    WC="0.989795687897452"></String>
          </TextLine>
          <TextLine ID="line_19"
                    TAGREFS="LT8"
                    BASELINE="1521 1902 3824 1911" 
                    HPOS="1518"
                    VPOS="1818"
                    WIDTH="2306"
                    HEIGHT="136">
            <Shape><Polygon POINTS="1521 1902 1518 1929 1764 1951 1767 1954 3821 1954 3824 1911 3824 1846 3304 1825 3301 1825 3175 1843 3159 1843 3147 1843 3048 1822 2784 1822 2780 1822 2777 1822 2774 1822 2744 1840 2740 1843 2617 1843 2614 1840 2586 1822 2583 1822 2580 1822 2577 1822 2574 1822 2571 1822 2540 1840 2503 1822 2500 1822 2497 1822 2494 1822 2491 1822 2463 1840 2457 1840 2371 1822 2368 1822 2069 1837 2063 1837 2038 1818 2035 1818 2032 1818 2029 1818 2026 1818 2023 1818 2001 1834 1890 1818 1887 1818 1678 1837 1656 1837 1653 1837 1610 1818 1607 1818 1604 1818 1521 1834 1521 1902"/></Shape>
	    <String CONTENT="s’encouragea pour leur faire quitter le lieu qu’ils auoyent"
                    HPOS="1518"
                    VPOS="1818"
                    WIDTH="2306"
                    HEIGHT="136"
                    WC="0.9970801846455719"></String>
          </TextLine>
          <TextLine ID="eSc_line_c55330bf"
                    TAGREFS="LT8"
                    BASELINE="1512 2008 1604 2012 3821 2015" 
                    HPOS="1510"
                    VPOS="1908"
                    WIDTH="2311"
                    HEIGHT="154">
            <Shape><Polygon POINTS="1595 1908 1690 1929 1884 1917 1890 1917 1934 1932 1964 1945 2152 1945 2192 1929 2229 1920 2235 1920 2352 1929 2488 1945 2660 1945 2682 1929 2688 1923 2700 1923 2713 1929 2737 1942 2762 1929 2780 1920 2787 1920 2830 1929 2882 1939 2931 1929 2996 1914 3002 1914 3036 1926 3082 1945 3153 1926 3175 1923 3181 1923 3190 1926 3227 1948 3369 1948 3406 1926 3418 1920 3424 1920 3464 1926 3575 1945 3815 1926 3821 2015 3818 2040 3788 2059 3781 2059 3236 2046 2953 2062 2950 2062 2817 2059 2811 2059 2787 2040 2556 2059 2549 2059 2494 2040 2272 2059 2269 2059 1841 2043 1792 2059 1786 2059 1598 2040 1552 2055 1542 2055 1510 2041 1515 1908"/></Shape>
	    <String CONTENT=""
                    HPOS="1510"
                    VPOS="1908"
                    WIDTH="2311"
                    HEIGHT="154"></String>
          </TextLine>
          <TextLine ID="eSc_line_420c9452"
                    TAGREFS="LT8"
                    BASELINE="1521 2110 2038 2120 3821 2120" 
                    HPOS="1520"
                    VPOS="2022"
                    WIDTH="2301"
                    HEIGHT="131">
            <Shape><Polygon POINTS="1604 2022 1613 2022 1647 2046 1653 2049 1684 2046 1770 2031 1773 2031 1850 2046 1869 2049 1887 2046 1986 2025 1992 2025 2051 2046 2051 2049 2226 2049 2349 2025 2355 2025 2411 2043 2513 2028 2519 2028 2559 2049 2562 2052 2716 2052 2759 2028 2882 2028 2981 2052 2984 2055 3295 2055 3338 2034 3350 2034 3384 2055 3387 2055 3449 2040 3455 2040 3634 2055 3751 2031 3757 2031 3821 2059 3821 2120 3818 2148 1520 2153 1523 2025"/></Shape>
	    <String CONTENT=""
                    HPOS="1520"
                    VPOS="2022"
                    WIDTH="2301"
                    HEIGHT="131"></String>
          </TextLine>
          <TextLine ID="eSc_line_d5c1170c"
                    TAGREFS="LT8"
                    BASELINE="1502 2216 1746 2225 3809 2228" 
                    HPOS="1501"
                    VPOS="2129"
                    WIDTH="2308"
                    HEIGHT="139">
            <Shape><Polygon POINTS="1619 2129 1623 2129 1696 2145 2078 2132 2084 2132 2143 2154 2469 2135 2472 2135 2571 2157 2574 2157 2614 2135 2623 2135 2679 2157 2679 2160 2947 2160 2990 2135 3082 2135 3162 2160 3169 2163 3541 2163 3544 2160 3606 2139 3612 2139 3806 2163 3809 2228 3806 2252 3116 2268 3110 2268 3067 2252 3048 2252 2436 2265 2432 2265 2346 2249 2300 2249 1663 2262 1659 2262 1501 2256 1505 2134"/></Shape>
	    <String CONTENT=""
                    HPOS="1501"
                    VPOS="2129"
                    WIDTH="2308"
                    HEIGHT="139"></String>
          </TextLine>
          <TextLine ID="eSc_line_1c98647f"
                    TAGREFS="LT8"
                    BASELINE="1517 2315 3815 2336" 
                    HPOS="1517"
                    VPOS="2228"
                    WIDTH="2298"
                    HEIGHT="160">
            <Shape><Polygon POINTS="1632 2234 1699 2228 1706 2228 1736 2237 1801 2252 1955 2240 2035 2234 2038 2234 2075 2240 2137 2256 2349 2256 2374 2246 2417 2234 2423 2234 2540 2249 2617 2259 2636 2249 2663 2237 2808 2237 2854 2256 2873 2262 2894 2256 2931 2240 3144 2240 3193 2259 3199 2262 3236 2262 3396 2249 3399 2249 3606 2265 3640 2268 3646 2268 3695 2249 3701 2249 3812 2271 3815 2336 3812 2369 3701 2388 3698 2388 2879 2360 2756 2360 2140 2376 2137 2376 1971 2354 1801 2372 1798 2372 1517 2359 1518 2246"/></Shape>
	    <String CONTENT=""
                    HPOS="1517"
                    VPOS="2228"
                    WIDTH="2298"
                    HEIGHT="160"></String>
          </TextLine>
          <TextLine ID="eSc_line_d39d7acc"
                    TAGREFS="LT8"
                    BASELINE="1517 2422 3812 2437" 
                    HPOS="1517"
                    VPOS="2337"
                    WIDTH="2295"
                    HEIGHT="149">
            <Shape><Polygon POINTS="1619 2354 1659 2363 1884 2363 1924 2354 2011 2339 2014 2339 2088 2354 2137 2366 2315 2366 2359 2354 2402 2342 2408 2342 2463 2354 2528 2366 2565 2351 2583 2345 2759 2345 2787 2351 2845 2366 2934 2351 2962 2348 2965 2348 3002 2351 3119 2366 3202 2351 3227 2348 3233 2348 3239 2351 3279 2372 3695 2372 3806 2351 3812 2437 3809 2468 3375 2486 3366 2486 3347 2471 2919 2480 2910 2480 2888 2465 2848 2465 2630 2480 2626 2480 2503 2465 2469 2462 2399 2465 2171 2477 2168 2477 2054 2465 2029 2462 1517 2462 1518 2337"/></Shape>
	    <String CONTENT=""
                    HPOS="1517"
                    VPOS="2337"
                    WIDTH="2295"
                    HEIGHT="149"></String>
          </TextLine>
          <TextLine ID="eSc_line_f3f0601f"
                    TAGREFS="LT8"
                    BASELINE="1507 2529 1613 2539 3803 2545" 
                    HPOS="1504"
                    VPOS="2443"
                    WIDTH="2299"
                    HEIGHT="142">
            <Shape><Polygon POINTS="1579 2459 1601 2462 1619 2459 1699 2443 1703 2443 1798 2462 1823 2462 1909 2443 1915 2443 1980 2462 1998 2465 2029 2462 2140 2446 2146 2446 2201 2462 2211 2465 2220 2462 2266 2446 2272 2446 2377 2462 2396 2465 2411 2462 2488 2446 2491 2446 2580 2465 2602 2465 2710 2446 2716 2446 2784 2465 2790 2465 2833 2446 2839 2446 3384 2468 3427 2468 3455 2449 3563 2449 3600 2468 3603 2471 3800 2471 3803 2545 3797 2585 3070 2569 2894 2585 2854 2585 2703 2566 2654 2582 2648 2582 2568 2566 1607 2579 1604 2579 1527 2563 1504 2564 1514 2449"/></Shape>
	    <String CONTENT=""
                    HPOS="1504"
                    VPOS="2443"
                    WIDTH="2299"
                    HEIGHT="142"></String>
          </TextLine>
          <TextLine ID="eSc_line_034bb5b6"
                    TAGREFS="LT8"
                    BASELINE="1498 2634 1804 2646 3806 2649" 
                    HPOS="1496"
                    VPOS="2562"
                    WIDTH="2310"
                    HEIGHT="127">
            <Shape><Polygon POINTS="3803 2573 3806 2649 3800 2689 1496 2679 1500 2562"/></Shape>
	    <String CONTENT=""
                    HPOS="1496"
                    VPOS="2562"
                    WIDTH="2310"
                    HEIGHT="127"></String>
          </TextLine>
          <TextLine ID="line_27"
                    TAGREFS="LT8"
                    BASELINE="1515 2754 3800 2754" 
                    HPOS="1515"
                    VPOS="2665"
                    WIDTH="2285"
                    HEIGHT="138">
            <Shape><Polygon POINTS="1515 2754 1515 2803 1644 2803 1644 2800 1647 2800 1650 2800 1672 2785 1949 2800 1952 2800 2069 2785 2337 2785 2386 2800 2389 2800 2392 2800 2500 2785 2599 2800 2602 2800 2740 2785 2824 2800 2827 2800 2934 2785 2974 2800 2978 2800 2981 2800 2984 2800 3021 2785 3110 2800 3113 2800 3122 2800 3658 2785 3698 2800 3701 2800 3704 2800 3707 2800 3711 2800 3732 2785 3794 2800 3800 2754 3800 2686 3190 2686 3187 2683 3150 2665 3147 2665 3144 2665 2999 2680 2974 2683 2965 2680 2919 2668 2916 2668 2913 2668 2808 2680 2805 2680 2787 2665 2784 2665 2780 2665 2777 2665 2639 2680 2602 2683 2593 2680 2559 2665 2556 2665 2553 2665 2485 2680 2466 2683 2448 2680 2396 2665 2392 2665 2232 2665 2229 2665 2226 2665 2223 2665 2205 2677 2195 2683 2109 2677 1952 2668 1949 2668 1946 2668 1912 2677 1887 2683 1881 2677 1866 2665 1863 2665 1860 2665 1857 2665 1853 2665 1807 2677 1776 2683 1515 2677 1515 2754"/></Shape>
	    <String CONTENT="a peu aux aguets ſecrets des aſſiegeans: &amp; aux partiſans,"
                    HPOS="1515"
                    VPOS="2665"
                    WIDTH="2285"
                    HEIGHT="138"
                    WC="0.9989680522366574"></String>
          </TextLine>
          <TextLine ID="line_28"
                    TAGREFS="LT8"
                    BASELINE="1515 2850 3803 2856" 
                    HPOS="1512"
                    VPOS="2776"
                    WIDTH="2291"
                    HEIGHT="123">
            <Shape><Polygon POINTS="1515 2850 1512 2880 1706 2899 1709 2899 3800 2890 3803 2856 3800 2776 1515 2776 1515 2850"/></Shape>
	    <String CONTENT="qu’à l’auenture ils pouuoyent auoir eu dedans, de leur"
                    HPOS="1512"
                    VPOS="2776"
                    WIDTH="2291"
                    HEIGHT="123"
                    WC="0.9917681076309898"></String>
          </TextLine>
          <TextLine ID="line_29"
                    TAGREFS="LT8"
                    BASELINE="1509 2963 3803 2963" 
                    HPOS="1509"
                    VPOS="2871"
                    WIDTH="2294"
                    HEIGHT="148">
            <Shape><Polygon POINTS="1509 2963 1509 3006 1776 2997 1804 3010 1813 3013 1817 3013 1820 3013 1863 3010 1949 3000 2035 3010 2097 3016 2100 3016 2103 3016 2121 3010 2161 2997 2349 2997 2389 3010 2405 3016 2408 3016 2411 3016 2414 3016 2417 3016 2423 3010 2442 2997 2590 2997 2700 3013 2744 3016 2747 3016 2750 3016 2753 3016 2759 3013 2784 2997 2894 2997 2944 3013 2959 3016 2962 3016 2965 3019 3196 3019 3196 3016 3199 3016 3202 3016 3205 3013 3221 3000 3246 3013 3255 3016 3258 3016 3261 3016 3264 3016 3270 3013 3304 2997 3563 3013 3618 3016 3621 3016 3624 3016 3630 3013 3680 2997 3800 3013 3803 2963 3800 2883 3322 2893 3282 2880 3261 2871 3258 2871 3255 2871 3252 2871 3249 2871 3239 2880 3218 2896 3150 2896 2894 2877 2780 2871 2777 2871 2707 2877 2516 2893 2476 2874 2472 2874 2469 2874 2466 2874 2442 2874 2282 2886 1900 2871 1844 2871 1841 2871 1838 2871 1835 2871 1804 2896 1610 2896 1509 2871 1509 2963"/></Shape>
	    <String CONTENT="donner quelques aſsignations à certaines heures, pour"
                    HPOS="1509"
                    VPOS="2871"
                    WIDTH="2294"
                    HEIGHT="148"
                    WC="0.9984416387699269"></String>
          </TextLine>
          <TextLine ID="line_30"
                    TAGREFS="LT8"
                    BASELINE="1509 3068 2568 3068" 
                    HPOS="1509"
                    VPOS="2976"
                    WIDTH="1059"
                    HEIGHT="135">
            <Shape><Polygon POINTS="1509 3068 1509 3096 2235 3111 2238 3111 2242 3111 2297 3096 2315 3111 2319 3111 2322 3111 2325 3111 2328 3111 2331 3111 2352 3096 2509 3111 2513 3111 2516 3111 2568 3093 2568 3068 2568 2976 2436 2976 2432 2976 2429 2976 2426 2976 2426 2979 2402 2997 2334 2979 2328 2979 2325 2979 2322 2979 2306 2982 2220 2997 2152 2985 2118 2979 2115 2979 2060 2985 1992 2997 1983 2988 1974 2982 1974 2979 1971 2979 1967 2979 1964 2979 1903 2991 1866 2997 1857 2991 1844 2979 1841 2979 1838 2979 1835 2979 1761 2991 1736 2976 1733 2976 1730 2976 1561 2976 1558 2976 1555 2976 1509 2997 1509 3068"/></Shape>
	    <String CONTENT="ex ecuter quelque choſe."
                    HPOS="1509"
                    VPOS="2976"
                    WIDTH="1059"
                    HEIGHT="135"
                    WC="0.995026670396328"></String>
          </TextLine>
        </TextBlock>
        <TextBlock HPOS="1497"
                   VPOS="3102"
                   WIDTH="2309"
                   HEIGHT="1589"
                   ID="block_4"
                   TAGREFS="BT2525">
          <Shape><Polygon POINTS="3806 3102 3806 4691 1497 4691 1497 3102"/></Shape>
          <TextLine ID="line_31"
                    TAGREFS="LT8"
                    BASELINE="1595 3173 3803 3167" 
                    HPOS="1592"
                    VPOS="3074"
                    WIDTH="2211"
                    HEIGHT="142">
            <Shape><Polygon POINTS="1595 3173 1595 3216 3803 3200 3803 3167 3797 3099 3566 3099 3563 3096 3489 3074 3486 3074 3483 3074 3326 3096 3310 3099 3202 3099 3199 3096 3169 3074 3165 3074 3162 3074 3159 3074 3045 3090 2885 3074 2882 3074 2879 3074 2805 3093 2796 3096 2790 3093 2771 3077 2771 3074 2768 3074 2765 3074 2762 3074 2759 3074 2700 3093 2676 3099 2636 3093 2546 3077 2543 3077 2540 3077 2497 3093 2491 3093 2472 3093 2340 3077 2337 3077 2334 3077 2331 3077 2312 3090 2297 3102 2072 3102 2048 3090 2014 3077 2011 3077 2007 3077 2004 3077 1977 3090 1958 3099 1940 3090 1918 3077 1915 3077 1912 3077 1850 3090 1804 3099 1758 3090 1703 3077 1699 3077 1592 3087 1595 3173"/></Shape>
	    <String CONTENT="La nuict ſuyuant delibererent de dreſſer vn pont au"
                    HPOS="1592"
                    VPOS="3074"
                    WIDTH="2211"
                    HEIGHT="142"
                    WC="0.9947142788008148"></String>
          </TextLine>
          <TextLine ID="line_32"
                    TAGREFS="LT8"
                    BASELINE="1499 3277 3797 3271" 
                    HPOS="1496"
                    VPOS="3179"
                    WIDTH="2301"
                    HEIGHT="132">
            <Shape><Polygon POINTS="1499 3277 1499 3311 3794 3311 3797 3271 3788 3194 3649 3207 3618 3191 3603 3185 3600 3185 3501 3185 3498 3185 3495 3185 3480 3191 3452 3207 3430 3191 3427 3191 3424 3191 3421 3191 3399 3191 3165 3207 3101 3191 3061 3179 3058 3179 3055 3179 3051 3179 3048 3179 3033 3191 3005 3210 2663 3210 2614 3188 2596 3182 2593 3182 2429 3182 2426 3182 2365 3188 2137 3210 2106 3185 2103 3185 2100 3185 2097 3185 2094 3185 2091 3185 2060 3213 1998 3213 1955 3185 1952 3182 1949 3182 1946 3182 1792 3182 1789 3182 1786 3182 1783 3182 1780 3185 1752 3210 1669 3185 1659 3182 1656 3182 1653 3182 1496 3182 1499 3277"/></Shape>
	    <String CONTENT="droit du faux-bourg S.Sornin pour paſſer au pré l’Eueſ¬"
                    HPOS="1496"
                    VPOS="3179"
                    WIDTH="2301"
                    HEIGHT="132"
                    WC="0.9853597049202237"></String>
          </TextLine>
          <TextLine ID="line_33"
                    TAGREFS="LT8"
                    BASELINE="1505 3385 3800 3379" 
                    HPOS="1505"
                    VPOS="3290"
                    WIDTH="2295"
                    HEIGHT="144">
            <Shape><Polygon POINTS="1505 3413 1558 3431 1561 3431 1564 3431 1567 3431 1610 3413 1613 3413 1616 3413 1681 3431 1684 3431 1687 3434 1789 3434 1789 3431 1792 3431 1795 3431 1820 3413 1823 3413 2380 3413 2436 3431 2439 3431 2442 3431 2593 3416 2645 3431 2648 3431 2651 3431 2654 3431 2716 3413 2777 3428 2780 3428 2784 3428 2787 3428 2790 3428 2811 3410 2817 3410 2873 3425 2876 3425 2879 3425 3064 3410 3082 3410 3085 3410 3138 3428 3141 3428 3144 3431 3501 3431 3501 3428 3603 3410 3606 3410 3609 3410 3772 3428 3775 3428 3778 3428 3781 3428 3800 3410 3800 3379 3794 3314 3680 3290 3677 3290 3578 3311 3510 3311 3409 3311 3406 3311 3359 3290 3356 3290 3353 3290 3350 3290 3347 3290 3322 3308 3319 3314 3169 3314 3150 3308 3070 3290 3067 3290 2944 3305 2876 3290 2873 3290 2870 3290 2867 3290 2833 3305 2821 3311 2762 3305 2670 3296 2667 3296 2663 3296 2660 3296 2660 3299 2654 3305 2642 3314 2586 3305 2522 3293 2352 3293 2349 3293 2346 3293 2328 3302 2303 3314 2245 3302 2201 3293 2115 3293 2112 3293 2109 3293 2106 3293 2097 3299 2075 3314 2011 3299 1974 3293 1820 3293 1817 3293 1813 3293 1801 3299 1770 3317 1542 3317 1509 3296 1505 3385 1505 3413"/></Shape>
	    <String CONTENT="que, qui eſt au droit des temples de S. Ragonde, &amp; ſaint"
                    HPOS="1505"
                    VPOS="3290"
                    WIDTH="2295"
                    HEIGHT="144"
                    WC="0.9928346457225936"></String>
          </TextLine>
          <TextLine ID="line_34"
                    TAGREFS="LT8"
                    BASELINE="1475 3477 2011 3490 3784 3480" 
                    HPOS="1472"
                    VPOS="3391"
                    WIDTH="2312"
                    HEIGHT="136">
            <Shape><Polygon POINTS="1475 3477 1475 3527 3781 3514 3784 3480 3775 3416 3711 3416 3704 3416 3671 3391 3667 3391 3664 3391 3661 3391 3563 3410 3513 3397 3510 3397 3507 3397 3504 3397 3501 3397 3476 3416 3470 3422 3286 3422 3279 3416 3246 3394 3242 3394 3239 3394 3236 3394 3233 3394 3190 3416 3184 3422 2990 3422 2984 3419 2916 3394 2913 3394 2910 3394 2790 3413 2710 3394 2707 3394 2703 3394 2700 3394 2697 3394 2667 3419 2663 3419 2654 3419 2352 3397 2349 3397 2195 3422 2186 3422 2183 3422 2140 3397 2137 3397 2001 3397 1998 3397 1995 3397 1992 3397 1958 3422 1955 3425 1807 3425 1807 3422 1712 3397 1709 3397 1706 3397 1573 3413 1539 3397 1536 3397 1533 3397 1530 3397 1472 3422 1475 3477"/></Shape>
	    <String CONTENT="Sulpice, preſqu’au milieu du chemin, qui eſt entre leſdits"
                    HPOS="1472"
                    VPOS="3391"
                    WIDTH="2312"
                    HEIGHT="136"
                    WC="0.9896056672622418"></String>
          </TextLine>
          <TextLine ID="eSc_line_6044427c"
                    TAGREFS="LT8"
                    BASELINE="1493 3583 3800 3588" 
                    HPOS="1493"
                    VPOS="3502"
                    WIDTH="2307"
                    HEIGHT="131">
            <Shape><Polygon POINTS="1549 3502 1555 3502 1601 3517 1983 3502 1986 3502 2072 3517 2195 3502 2198 3502 2278 3517 2355 3502 2359 3502 2454 3524 2703 3524 2728 3505 2737 3505 2827 3520 2882 3505 2888 3505 3039 3520 3079 3505 3483 3505 3504 3520 3643 3505 3652 3505 3674 3520 3751 3505 3757 3505 3800 3524 3800 3588 3797 3625 1493 3633 1493 3506"/></Shape>
	    <String CONTENT=""
                    HPOS="1493"
                    VPOS="3502"
                    WIDTH="2307"
                    HEIGHT="131"></String>
          </TextLine>
          <TextLine ID="eSc_line_a5182fe7"
                    TAGREFS="LT8"
                    BASELINE="1493 3692 1684 3699 3797 3693" 
                    HPOS="1491"
                    VPOS="3607"
                    WIDTH="2306"
                    HEIGHT="138">
            <Shape><Polygon POINTS="1626 3607 1687 3616 1733 3625 1767 3619 1807 3607 1820 3607 1838 3619 1853 3628 2183 3628 2195 3619 2217 3607 2445 3607 2513 3622 2537 3625 2562 3622 2651 3607 2654 3607 2777 3622 2805 3625 2824 3622 2897 3607 2901 3607 3141 3625 3181 3625 3295 3607 3298 3607 3396 3625 3403 3625 3449 3607 3455 3607 3597 3625 3600 3625 3726 3607 3732 3607 3794 3628 3797 3693 3794 3721 3711 3739 3707 3739 3630 3724 3603 3742 3590 3742 3526 3724 3341 3739 3338 3739 2968 3724 2956 3724 2919 3742 2910 3742 2836 3724 2833 3724 2784 3742 2777 3742 2519 3724 2497 3724 2414 3742 2411 3742 2297 3724 2291 3724 2254 3742 2248 3742 2078 3724 2048 3724 1894 3742 1890 3742 1786 3724 1761 3724 1632 3742 1632 3745 1524 3745 1521 3742 1518 3742 1491 3728 1496 3607"/></Shape>
	    <String CONTENT=""
                    HPOS="1491"
                    VPOS="3607"
                    WIDTH="2306"
                    HEIGHT="138"></String>
          </TextLine>
          <TextLine ID="eSc_line_234513f4"
                    TAGREFS="LT8"
                    BASELINE="1485 3795 1582 3804 3788 3797" 
                    HPOS="1479"
                    VPOS="3711"
                    WIDTH="2309"
                    HEIGHT="142">
            <Shape><Polygon POINTS="1675 3721 1678 3721 1863 3736 1897 3714 1909 3714 1980 3736 1980 3739 2220 3739 2223 3736 2254 3714 2371 3714 2488 3736 2494 3736 2586 3711 2596 3711 2642 3736 2811 3736 2845 3711 2854 3711 2971 3727 3079 3711 3088 3711 3116 3730 3190 3711 3202 3711 3233 3733 3276 3711 3433 3711 3501 3733 3704 3717 3707 3717 3781 3736 3788 3797 3784 3825 3624 3847 3621 3847 3128 3844 3125 3844 3095 3831 3085 3828 3051 3831 2922 3844 2916 3844 2888 3831 2879 3828 2873 3831 2851 3847 2842 3847 2713 3831 2688 3831 2639 3834 2368 3850 2362 3850 2312 3834 2297 3831 2282 3834 2232 3850 2226 3850 2161 3837 2149 3834 2121 3837 1989 3850 1989 3853 1479 3853 1490 3736"/></Shape>
	    <String CONTENT=""
                    HPOS="1479"
                    VPOS="3711"
                    WIDTH="2309"
                    HEIGHT="142"></String>
          </TextLine>
          <TextLine ID="line_38"
                    TAGREFS="LT8"
                    BASELINE="1481 3908 3791 3896" 
                    HPOS="1478"
                    VPOS="3819"
                    WIDTH="2313"
                    HEIGHT="126">
            <Shape><Polygon POINTS="1481 3908 1481 3942 3784 3945 3791 3896 3784 3841 3375 3819 3372 3819 3369 3819 3322 3837 3273 3819 3270 3819 3267 3819 3264 3819 3212 3841 3205 3844 2941 3844 2938 3841 2919 3822 2916 3822 2913 3822 2910 3822 2697 3841 2626 3847 2442 3847 2432 3841 2411 3825 2408 3825 2405 3825 2402 3825 2183 3841 2054 3847 2038 3841 2023 3831 2020 3831 2017 3831 2014 3831 1989 3841 1961 3850 1767 3850 1740 3841 1703 3828 1699 3828 1696 3828 1693 3828 1669 3841 1656 3844 1644 3841 1616 3828 1613 3828 1610 3828 1478 3837 1481 3908"/></Shape>
	    <String CONTENT="afin qu’on n’entendiſt comme on le mettroit ſur l’eaue."
                    HPOS="1478"
                    VPOS="3819"
                    WIDTH="2313"
                    HEIGHT="126"
                    WC="0.9957574378360402"></String>
          </TextLine>
          <TextLine ID="line_39"
                    TAGREFS="LT8"
                    BASELINE="1499 4019 3791 4001" 
                    HPOS="1496"
                    VPOS="3914"
                    WIDTH="2295"
                    HEIGHT="139">
            <Shape><Polygon POINTS="1499 4019 1499 4053 3788 4041 3791 4001 3784 3930 3717 3914 3714 3914 3711 3914 3707 3914 3692 3930 3680 3939 3221 3939 3202 3930 3178 3918 3175 3918 3172 3918 3169 3918 3165 3918 3153 3930 3138 3942 2861 3942 2842 3930 2833 3921 2830 3921 2827 3921 2648 3921 2645 3921 2642 3921 2608 3930 2556 3948 2442 3948 2352 3930 2306 3924 2303 3924 2269 3930 2189 3948 2161 3930 2158 3927 2155 3927 2152 3927 1881 3927 1878 3927 1875 3927 1860 3930 1792 3951 1496 3933 1499 4019"/></Shape>
	    <String CONTENT="Le pont eſtoit fait fort artificiellement de carreaux de"
                    HPOS="1496"
                    VPOS="3914"
                    WIDTH="2295"
                    HEIGHT="139"
                    WC="0.9997067494051797"></String>
          </TextLine>
          <TextLine ID="eSc_line_5702f8da"
                    TAGREFS="LT8"
                    BASELINE="1484 4106 1635 4121 3794 4108" 
                    HPOS="1479"
                    VPOS="4013"
                    WIDTH="2315"
                    HEIGHT="160">
            <Shape><Polygon POINTS="2506 4013 2522 4022 2559 4047 2682 4047 2703 4028 2713 4028 2784 4044 2848 4025 2857 4025 2897 4047 3073 4047 3196 4022 3227 4016 3233 4016 3249 4019 3307 4041 3372 4025 3378 4025 3501 4041 3541 4019 3547 4016 3560 4016 3563 4019 3594 4038 3646 4022 3652 4022 3723 4038 3781 4019 3794 4108 3791 4155 3674 4142 3600 4155 3550 4164 3544 4164 3526 4155 3492 4139 3458 4155 3436 4164 3430 4164 3375 4155 3276 4136 3227 4155 3202 4164 3196 4164 3150 4155 3125 4148 3116 4155 3095 4167 3082 4167 3042 4155 3024 4148 2984 4155 2882 4167 2879 4167 2694 4151 2599 4145 2583 4151 2549 4167 2540 4167 2503 4151 2485 4145 2445 4151 2331 4170 2328 4170 2106 4155 1924 4170 1918 4170 1875 4148 1866 4145 1860 4148 1832 4167 1823 4167 1650 4155 1524 4173 1518 4173 1479 4154 1490 4042 1558 4028 1592 4022 1598 4022 1619 4028 1703 4050 1817 4025 1853 4019 1869 4019 1884 4016 1937 4025 2041 4047 2115 4025 2146 4016 2158 4016 2171 4025 2198 4041 2371 4025 2497 4013"/></Shape>
	    <String CONTENT=""
                    HPOS="1479"
                    VPOS="4013"
                    WIDTH="2315"
                    HEIGHT="160"></String>
          </TextLine>
          <TextLine ID="line_41"
                    TAGREFS="LT8"
                    BASELINE="1481 4219 3772 4207" 
                    HPOS="1478"
                    VPOS="4130"
                    WIDTH="2294"
                    HEIGHT="138">
            <Shape><Polygon POINTS="1481 4219 1481 4256 2048 4268 2051 4268 2294 4253 2334 4250 2343 4250 2402 4265 2405 4265 2408 4265 2411 4265 2439 4250 2442 4250 2451 4250 2546 4265 2549 4265 2553 4265 2583 4250 2586 4250 2651 4262 2654 4262 2787 4247 2808 4247 2848 4247 3190 4262 3193 4262 3196 4262 3199 4262 3221 4244 3224 4244 3233 4244 3335 4259 3338 4259 3341 4259 3375 4244 3393 4259 3396 4259 3399 4259 3403 4259 3680 4244 3732 4259 3735 4259 3738 4259 3741 4259 3744 4259 3772 4241 3772 4207 3766 4155 3470 4155 3313 4130 3310 4130 3307 4130 3264 4155 3178 4155 3144 4133 3141 4133 3138 4133 3135 4133 3132 4133 3076 4148 3055 4133 3051 4133 3048 4133 3045 4133 3042 4133 3039 4133 3005 4158 2864 4158 2814 4136 2811 4136 2626 4133 2623 4133 2620 4133 2543 4158 2405 4136 2402 4136 2399 4136 2352 4161 2158 4161 2097 4136 2094 4136 2091 4136 2088 4136 2041 4161 1841 4139 1838 4139 1835 4139 1758 4161 1681 4139 1678 4139 1675 4139 1672 4139 1669 4139 1650 4158 1616 4145 1613 4145 1610 4145 1478 4164 1481 4219"/></Shape>
	    <String CONTENT="nes fort longs, le tout bien lié à force de gros clous, ca¬"
                    HPOS="1478"
                    VPOS="4130"
                    WIDTH="2294"
                    HEIGHT="138"
                    WC="0.996512195125955"></String>
          </TextLine>
          <TextLine ID="line_42"
                    TAGREFS="LT8"
                    BASELINE="1481 4336 3788 4315" 
                    HPOS="1478"
                    VPOS="4222"
                    WIDTH="2310"
                    HEIGHT="157">
            <Shape><Polygon POINTS="1481 4336 1481 4358 1804 4379 1807 4379 1810 4379 1894 4358 2109 4376 2112 4376 2115 4376 2118 4376 2118 4373 2143 4355 2146 4355 2242 4370 2245 4370 2248 4370 2251 4370 2275 4355 2275 4351 2574 4351 2580 4351 2663 4370 2667 4370 2919 4348 2938 4348 2941 4348 2981 4367 2984 4367 2987 4370 3125 4370 3125 4367 3224 4345 3233 4345 3258 4364 3261 4364 3264 4364 3267 4367 3455 4367 3455 4364 3458 4364 3507 4345 3517 4342 3550 4345 3744 4361 3747 4361 3751 4361 3788 4342 3788 4315 3781 4250 3563 4222 3560 4222 3436 4247 3421 4250 3412 4247 3369 4228 3366 4228 3363 4228 3359 4228 3326 4247 3316 4253 3122 4253 3104 4247 3033 4228 3030 4228 3027 4228 3024 4228 2990 4247 2974 4253 2950 4247 2901 4231 2897 4231 2894 4231 2891 4231 2888 4231 2870 4247 2857 4256 2768 4256 2750 4247 2722 4235 2719 4235 2716 4235 2648 4247 2630 4247 2611 4247 2509 4231 2506 4231 2229 4235 2226 4235 2223 4235 2214 4244 2192 4262 2115 4265 2014 4265 1983 4244 1980 4244 1977 4244 1974 4244 1971 4244 1967 4244 1943 4265 1807 4265 1749 4244 1746 4244 1478 4244 1481 4336"/></Shape>
	    <String CONTENT="bles, &amp; cordages. Il eſtoit ſi fort &amp; ſolide qu’on diſoit"
                    HPOS="1478"
                    VPOS="4222"
                    WIDTH="2310"
                    HEIGHT="157"
                    WC="0.9904828751296327"></String>
          </TextLine>
          <TextLine ID="line_43"
                    TAGREFS="LT8"
                    BASELINE="1484 4438 3778 4422" 
                    HPOS="1481"
                    VPOS="4333"
                    WIDTH="2297"
                    HEIGHT="148">
            <Shape><Polygon POINTS="1484 4438 1484 4478 1974 4462 2001 4475 2020 4481 2023 4481 2026 4481 2069 4472 2106 4465 2161 4472 2238 4481 2242 4481 2245 4481 2248 4481 2260 4472 2272 4459 2402 4459 2731 4465 3205 4475 3209 4475 3338 4459 3384 4453 3403 4459 3449 4472 3452 4472 3455 4475 3735 4475 3735 4472 3738 4472 3778 4453 3778 4422 3775 4361 3729 4342 3726 4342 3723 4342 3720 4342 3717 4342 3698 4361 3436 4361 3322 4333 3319 4333 3316 4333 3313 4333 3313 4336 3282 4361 3181 4342 3178 4342 3175 4342 3101 4361 3011 4336 3008 4336 3005 4336 2851 4364 2614 4339 2611 4339 2608 4339 2509 4364 2402 4339 2399 4339 2137 4342 2134 4342 2084 4367 2001 4342 1998 4342 1995 4342 1875 4345 1872 4345 1869 4345 1829 4370 1792 4348 1789 4348 1666 4345 1663 4345 1659 4345 1656 4345 1623 4370 1521 4355 1518 4355 1515 4355 1481 4370 1484 4438"/></Shape>
	    <String CONTENT="que l’on euſt peu paſſer vn Canon deſſus: &amp; ſi large, que"
                    HPOS="1481"
                    VPOS="4333"
                    WIDTH="2297"
                    HEIGHT="148"
                    WC="0.9920173371047304"></String>
          </TextLine>
          <TextLine ID="line_44"
                    TAGREFS="LT8"
                    BASELINE="1481 4545 3775 4524" 
                    HPOS="1481"
                    VPOS="4438"
                    WIDTH="2294"
                    HEIGHT="144">
            <Shape><Polygon POINTS="1481 4582 3772 4564 3775 4524 3766 4444 3643 4459 3618 4444 3612 4438 3609 4438 3606 4438 3603 4438 3600 4438 3587 4444 3560 4459 3541 4444 3535 4438 3532 4438 3529 4438 3526 4438 3523 4438 3520 4438 3510 4444 3483 4462 3356 4462 3310 4447 3298 4441 3295 4441 3292 4441 3289 4441 3286 4441 3279 4447 3255 4462 3144 4450 3141 4450 3138 4450 3135 4450 3107 4468 2953 4468 2916 4447 2904 4444 2901 4444 2897 4444 2857 4450 2762 4462 2399 4453 2294 4450 2291 4450 2288 4450 2285 4450 2282 4453 2257 4475 2131 4475 1934 4456 1903 4453 1900 4453 1884 4456 1792 4478 1740 4456 1736 4456 1733 4456 1730 4456 1727 4456 1724 4456 1678 4478 1629 4459 1626 4459 1623 4459 1619 4459 1549 4478 1481 4459 1481 4545 1481 4582"/></Shape>
	    <String CONTENT="huit &amp; neuf hommes de front euſſent peu aller dedens"
                    HPOS="1481"
                    VPOS="4438"
                    WIDTH="2294"
                    HEIGHT="144"
                    WC="0.9919963467579621"></String>
          </TextLine>
          <TextLine ID="line_45"
                    TAGREFS="LT8"
                    BASELINE="1478 4653 3775 4625" 
                    HPOS="1475"
                    VPOS="4533"
                    WIDTH="2300"
                    HEIGHT="222">
            <Shape><Polygon POINTS="1478 4653 1478 4724 1573 4755 1576 4755 1579 4755 1986 4752 2115 4749 2118 4749 2198 4709 2211 4702 2300 4693 2429 4705 2482 4709 2485 4709 2488 4709 2491 4709 2491 4705 2494 4702 2509 4690 2688 4690 2716 4699 2790 4724 2793 4724 2999 4727 3002 4727 3005 4727 3110 4690 3113 4690 3119 4690 3286 4721 3289 4721 3292 4721 3344 4699 3467 4705 3470 4705 3473 4705 3476 4705 3513 4681 3523 4678 3772 4678 3775 4625 3769 4545 3714 4533 3711 4533 3707 4533 3683 4545 3655 4558 3627 4545 3603 4533 3600 4533 3597 4533 3594 4533 3560 4545 3526 4558 3498 4545 3473 4536 3470 4536 3467 4536 3421 4545 3396 4552 3384 4545 3363 4536 3359 4536 3356 4536 3353 4536 3350 4536 3338 4548 3329 4555 3316 4548 3292 4536 3289 4536 3286 4536 3282 4536 3249 4548 3196 4564 3119 4548 3113 4548 3110 4548 3104 4548 3039 4564 3021 4548 3011 4542 3008 4542 3005 4542 3002 4542 2999 4542 2981 4548 2934 4567 2414 4561 2411 4561 2232 4579 2103 4579 2038 4555 2026 4552 2023 4552 2020 4552 1890 4555 1887 4555 1881 4558 1853 4573 1832 4558 1829 4555 1826 4555 1823 4555 1820 4555 1475 4558 1478 4653"/></Shape>
	    <String CONTENT="le pré. Ils en firent encores vn autre de ſemblable eſtoſ¬"
                    HPOS="1475"
                    VPOS="4533"
                    WIDTH="2300"
                    HEIGHT="222"
                    WC="0.9692249863834704"></String>
          </TextLine>
        </TextBlock>
        <TextBlock HPOS="3573"
                   VPOS="4654"
                   WIDTH="209"
                   HEIGHT="125"
                   ID="block_10"
                   TAGREFS="BT17">
          <Shape><Polygon POINTS="3782 4654 3782 4779 3573 4779 3573 4654"/></Shape>
          <TextLine ID="line_46"
                    TAGREFS="LT8"
                    BASELINE="3563 4736 3778 4736" 
                    HPOS="3563"
                    VPOS="4641"
                    WIDTH="215"
                    HEIGHT="206">
            <Shape><Polygon POINTS="3563 4736 3566 4847 3643 4825 3775 4844 3778 4736 3772 4641 3686 4662 3563 4644 3563 4736"/></Shape>
	    <String CONTENT="fe &amp;"
                    HPOS="3563"
                    VPOS="4641"
                    WIDTH="215"
                    HEIGHT="206"
                    WC="0.9869510531425476"></String>
          </TextLine>
        </TextBlock>
        <TextBlock HPOS="1144"
                   VPOS="478"
                   WIDTH="397"
                   HEIGHT="647"
                   ID="eSc_textblock_551216bf"
                   TAGREFS="BT2523">
          <Shape><Polygon POINTS="1153 478 1144 1125 1541 1125 1541 796 1541 483"/></Shape>
          <TextLine ID="line_6"
                    TAGREFS="LT8"
                    BASELINE="1164 538 1516 540" 
                    HPOS="1161"
                    VPOS="453"
                    WIDTH="356"
                    HEIGHT="134">
            <Shape><Polygon POINTS="1164 538 1164 455 1509 455 1517 453 1516 566 1465 566 1456 575 1438 587 1428 587 1161 572"/></Shape>
	    <String CONTENT="complots Cordeliers: ils penſoyẽt que ce fuſt pour leur faire quel¬"
                    HPOS="1161"
                    VPOS="453"
                    WIDTH="356"
                    HEIGHT="134"
                    WC="0.9961086967412163"></String>
          </TextLine>
          <TextLine ID="line_7"
                    TAGREFS="LT8"
                    BASELINE="1161 649 1549 647" 
                    HPOS="1161"
                    VPOS="557"
                    WIDTH="388"
                    HEIGHT="129">
            <Shape><Polygon POINTS="1161 569 1398 572 1410 569 1456 557 1462 557 1548 562 1549 680 1509 674 1481 680 1441 686 1432 686 1422 680 1404 670 1161 677"/></Shape>
	    <String CONTENT="des enne-que mal:mais on print ſeulement leur nom &amp; demeure"
                    HPOS="1161"
                    VPOS="557"
                    WIDTH="388"
                    HEIGHT="129"
                    WC="0.9961717249983448"></String>
          </TextLine>
          <TextLine ID="line_8"
                    TAGREFS="LT8"
                    BASELINE="1157 747 1539 749" 
                    HPOS="1157"
                    VPOS="661"
                    WIDTH="383"
                    HEIGHT="129">
            <Shape><Polygon POINTS="1157 683 1370 683 1413 661 1422 661 1490 683 1496 683 1540 673 1539 787 1157 790"/></Shape>
	    <String CONTENT="mis ſe- par eſcrit: les auertit-on de ſe contenir ſans fauoriſer en"
                    HPOS="1157"
                    VPOS="661"
                    WIDTH="383"
                    HEIGHT="129"
                    WC="0.9907792077135684"></String>
          </TextLine>
          <TextLine ID="line_9"
                    TAGREFS="LT8"
                    BASELINE="1157 849 1553 852" 
                    HPOS="1154"
                    VPOS="763"
                    WIDTH="400"
                    HEIGHT="126">
            <Shape><Polygon POINTS="1157 849 1157 778 1407 763 1416 763 1438 778 1441 781 1447 778 1487 763 1493 763 1554 765 1553 886 1539 877 1345 889 1342 889 1154 871"/></Shape>
	    <String CONTENT="crets dans ſorte du monde les Proteſtans."
                    HPOS="1154"
                    VPOS="763"
                    WIDTH="400"
                    HEIGHT="126"
                    WC="0.9840327254155787"></String>
          </TextLine>
          <TextLine ID="line_10"
                    TAGREFS="LT8"
                    BASELINE="1161 954 1539 956" 
                    HPOS="1157"
                    VPOS="871"
                    WIDTH="383"
                    HEIGHT="132">
            <Shape><Polygon POINTS="1161 954 1161 886 1422 871 1425 871 1540 882 1539 989 1293 1003 1290 1003 1157 978"/></Shape>
	    <String CONTENT="vne place Le Samedy vingtieme continuerent leur baterie con¬"
                    HPOS="1157"
                    VPOS="871"
                    WIDTH="383"
                    HEIGHT="132"
                    WC="0.9910977820555369"></String>
          </TextLine>
          <TextLine ID="line_11"
                    TAGREFS="LT8"
                    BASELINE="1161 1071 1507 1071" 
                    HPOS="1161"
                    VPOS="978"
                    WIDTH="346"
                    HEIGHT="133">
            <Shape><Polygon POINTS="1161 1000 1234 978 1241 978 1345 1000 1507 988 1507 1105 1161 1111"/></Shape>
	    <String CONTENT="eſsiegee. tre les murailles du pré l’Abbeſſe, pour agrandir &amp; eſpla¬"
                    HPOS="1161"
                    VPOS="978"
                    WIDTH="346"
                    HEIGHT="133"
                    WC="0.9961727278819983"></String>
          </TextLine>
        </TextBlock>
        <TextBlock HPOS="1089"
                   VPOS="1932"
                   WIDTH="423"
                   HEIGHT="764"
                   ID="eSc_textblock_95a26642"
                   TAGREFS="BT2523">
          <Shape><Polygon POINTS="1089 1932 1089 2696 1512 2696 1512 1932"/></Shape>
          <TextLine ID="line_20"
                    TAGREFS="LT8"
                    BASELINE="1133 1994 1484 2007" 
                    HPOS="1130"
                    VPOS="1908"
                    WIDTH="357"
                    HEIGHT="147">
            <Shape><Polygon POINTS="1133 1994 1133 1932 1213 1908 1487 1908 1482 2037 1321 2037 1256 2055 1250 2055 1130 2034"/></Shape>
	    <String CONTENT="Moyen ſurprins. Au haut de la tour de l’orloge, de laquelle pour"
                    HPOS="1130"
                    VPOS="1908"
                    WIDTH="357"
                    HEIGHT="147"
                    WC="0.9951129741966724"></String>
          </TextLine>
          <TextLine ID="line_21"
                    TAGREFS="LT8"
                    BASELINE="1130 2102 1502 2109" 
                    HPOS="1130"
                    VPOS="2026"
                    WIDTH="374"
                    HEIGHT="128">
            <Shape><Polygon POINTS="1130 2040 1504 2026 1501 2153 1130 2154"/></Shape>
	    <String CONTENT="pour deſ- eſtre fort haute, on deſcouure de toutes parts: &amp; au clo¬"
                    HPOS="1130"
                    VPOS="2026"
                    WIDTH="374"
                    HEIGHT="128"
                    WC="0.9900066941531737"></String>
          </TextLine>
          <TextLine ID="line_22"
                    TAGREFS="LT8"
                    BASELINE="1133 2203 1460 2215" 
                    HPOS="1130"
                    VPOS="2136"
                    WIDTH="333"
                    HEIGHT="119">
            <Shape><Polygon POINTS="1133 2203 1133 2151 1463 2136 1459 2255 1130 2243"/></Shape>
	    <String CONTENT="couurir cher S. Pierre y auoit touſiours quelques vns en ſenti¬"
                    HPOS="1130"
                    VPOS="2136"
                    WIDTH="333"
                    HEIGHT="119"
                    WC="0.9930540417867993"></String>
          </TextLine>
          <TextLine ID="line_23"
                    TAGREFS="LT8"
                    BASELINE="1127 2311 1516 2315" 
                    HPOS="1124"
                    VPOS="2228"
                    WIDTH="393"
                    HEIGHT="131">
            <Shape><Polygon POINTS="1127 2311 1127 2228 1493 2249 1517 2246 1516 2359 1124 2342"/></Shape>
	    <String CONTENT="les menees nelles, qui auoyent charge de ſonner l’alarme par toque"
                    HPOS="1124"
                    VPOS="2228"
                    WIDTH="393"
                    HEIGHT="131"
                    WC="0.9820858185941522"></String>
          </TextLine>
          <TextLine ID="line_24"
                    TAGREFS="LT8"
                    BASELINE="1130 2419 1516 2422" 
                    HPOS="1130"
                    VPOS="2336"
                    WIDTH="387"
                    HEIGHT="126">
            <Shape><Polygon POINTS="1130 2354 1505 2336 1509 2336 1517 2337 1516 2462 1130 2462"/></Shape>
	    <String CONTENT="&amp; intelli ſaint, quand ils verroyent les Proteſtans ſe preparer, où"
                    HPOS="1130"
                    VPOS="2336"
                    WIDTH="387"
                    HEIGHT="126"
                    WC="0.9950054971610799"></String>
          </TextLine>
          <TextLine ID="line_25"
                    TAGREFS="LT8"
                    BASELINE="1130 2523 1435 2523 1498 2529" 
                    HPOS="1130"
                    VPOS="2443"
                    WIDTH="375"
                    HEIGHT="136">
            <Shape><Polygon POINTS="1130 2456 1219 2443 1222 2443 1330 2459 1361 2462 1385 2459 1472 2443 1475 2443 1505 2448 1494 2564 1130 2579"/></Shape>
	    <String CONTENT="gences des deſcendre &amp; aller à l’aſſaut.. Et durant tout le ſiege n’y"
                    HPOS="1130"
                    VPOS="2443"
                    WIDTH="375"
                    HEIGHT="136"
                    WC="0.9895052032811301"></String>
          </TextLine>
          <TextLine ID="line_26"
                    TAGREFS="LT8"
                    BASELINE="1130 2619 1460 2632" 
                    HPOS="1127"
                    VPOS="2560"
                    WIDTH="336"
                    HEIGHT="118">
            <Shape><Polygon POINTS="1130 2619 1130 2560 1463 2562 1458 2678 1127 2677"/></Shape>
	    <String CONTENT="ennemis. orloge, ny cloche a ſonné, pour oſter tous moyẽs qu’on"
                    HPOS="1127"
                    VPOS="2560"
                    WIDTH="336"
                    HEIGHT="118"
                    WC="0.9772807258826036"></String>
          </TextLine>
        </TextBlock>
        <TextBlock HPOS="1095"
                   VPOS="3387"
                   WIDTH="397"
                   HEIGHT="562"
                   ID="block_6"
                   TAGREFS="BT2523">
          <Shape><Polygon POINTS="1492 3387 1492 3949 1095 3949 1095 3387"/></Shape>
          <TextLine ID="line_2"
                    TAGREFS="LT8"
                    BASELINE="1114 3471 1438 3477" 
                    HPOS="1111"
                    VPOS="3364"
                    WIDTH="327"
                    HEIGHT="169">
            <Shape><Polygon POINTS="1114 3471 1111 3520 1234 3499 1250 3514 1271 3530 1274 3530 1278 3530 1281 3533 1324 3533 1324 3530 1327 3530 1435 3496 1438 3477 1438 3400 1373 3385 1370 3385 1367 3385 1364 3385 1345 3391 1311 3400 1204 3394 1179 3370 1176 3370 1176 3367 1173 3367 1170 3367 1114 3364 1114 3471"/></Shape>
	    <String CONTENT="Moyen"
                    HPOS="1111"
                    VPOS="3364"
                    WIDTH="327"
                    HEIGHT="169"
                    WC="0.9992319703102112"></String>
          </TextLine>
          <TextLine ID="line_35"
                    TAGREFS="LT8"
                    BASELINE="1108 3582 1484 3583" 
                    HPOS="1108"
                    VPOS="3502"
                    WIDTH="376"
                    HEIGHT="132">
            <Shape><Polygon POINTS="1108 3517 1247 3502 1250 3502 1345 3517 1484 3507 1483 3633 1108 3634"/></Shape>
	    <String CONTENT="pour cous deux ponts. Et pour le mettre à leur aiſe, faignirent vn"
                    HPOS="1108"
                    VPOS="3502"
                    WIDTH="376"
                    HEIGHT="132"
                    WC="0.9904385013366813"></String>
          </TextLine>
          <TextLine ID="line_36"
                    TAGREFS="LT8"
                    BASELINE="1105 3677 1484 3691" 
                    HPOS="1105"
                    VPOS="3607"
                    WIDTH="382"
                    HEIGHT="135">
            <Shape><Polygon POINTS="1105 3724 1105 3616 1379 3625 1435 3607 1487 3607 1482 3724 1462 3724 1308 3742 1302 3742 1262 3724"/></Shape>
	    <String CONTENT="urir quel aſſaut: &amp; par vne grande eſcopeterie contre les Corps de"
                    HPOS="1105"
                    VPOS="3607"
                    WIDTH="382"
                    HEIGHT="135"
                    WC="0.9834652823029142"></String>
          </TextLine>
          <TextLine ID="line_37"
                    TAGREFS="LT8"
                    BASELINE="1105 3788 1416 3788 1484 3795" 
                    HPOS="1102"
                    VPOS="3714"
                    WIDTH="387"
                    HEIGHT="139">
            <Shape><Polygon POINTS="1105 3788 1102 3736 1157 3714 1456 3714 1487 3736 1489 3736 1478 3853 1475 3853 1472 3850 1469 3850 1435 3841 1401 3831 1105 3841"/></Shape>
	    <String CONTENT="que entre garde, poſez entre le pont Anioubert &amp; ſaint Cyprian:"
                    HPOS="1102"
                    VPOS="3714"
                    WIDTH="387"
                    HEIGHT="139"
                    WC="0.99957779854063"></String>
          </TextLine>
          <TextLine ID="line_3"
                    TAGREFS="LT8"
                    BASELINE="1105 3890 1404 3899" 
                    HPOS="1105"
                    VPOS="3801"
                    WIDTH="299"
                    HEIGHT="150">
            <Shape><Polygon POINTS="1105 3890 1105 3945 1176 3921 1219 3936 1262 3951 1265 3951 1268 3951 1271 3951 1274 3951 1274 3948 1296 3930 1299 3924 1401 3918 1404 3899 1404 3825 1308 3801 1305 3801 1302 3801 1105 3813 1105 3890"/></Shape>
	    <String CONTENT="prinſe."
                    HPOS="1105"
                    VPOS="3801"
                    WIDTH="299"
                    HEIGHT="150"
                    WC="0.9998846054077148"></String>
          </TextLine>
        </TextBlock>
        <TextBlock HPOS="1097"
                   VPOS="4015"
                   WIDTH="383"
                   HEIGHT="227"
                   ID="block_8"
                   TAGREFS="BT2523">
          <Shape><Polygon POINTS="1480 4015 1480 4242 1097 4242 1097 4015"/></Shape>
          <TextLine ID="line_40"
                    TAGREFS="LT8"
                    BASELINE="1102 4099 1413 4099 1474 4105" 
                    HPOS="1099"
                    VPOS="4016"
                    WIDTH="381"
                    HEIGHT="134">
            <Shape><Polygon POINTS="1465 4148 1459 4145 1102 4145 1102 4099 1099 4028 1422 4016 1432 4016 1450 4028 1478 4044 1480 4044 1470 4150"/></Shape>
	    <String CONTENT="Pont ſur bois, de clayes, de pipes, de terre, de grans pilotis, &amp; cheſ"
                    HPOS="1099"
                    VPOS="4016"
                    WIDTH="381"
                    HEIGHT="134"
                    WC="0.9882081934383937"></String>
          </TextLine>
          <TextLine ID="line_4"
                    TAGREFS="LT8"
                    BASELINE="1099 4204 1419 4210" 
                    HPOS="1096"
                    VPOS="4114"
                    WIDTH="323"
                    HEIGHT="145">
            <Shape><Polygon POINTS="1099 4204 1096 4250 1182 4235 1271 4235 1290 4253 1296 4256 1296 4259 1299 4259 1302 4259 1305 4259 1308 4259 1336 4250 1379 4238 1410 4250 1419 4210 1419 4145 1271 4139 1268 4133 1259 4121 1256 4121 1256 4118 1253 4118 1250 4118 1247 4118 1244 4118 1241 4118 1222 4130 1219 4133 1213 4130 1191 4114 1188 4114 1185 4114 1182 4114 1099 4121 1099 4204"/></Shape>
	    <String CONTENT="riuiere."
                    HPOS="1096"
                    VPOS="4114"
                    WIDTH="323"
                    HEIGHT="145"
                    WC="0.9967576563358307"></String>
          </TextLine>
        </TextBlock>
      </PrintSpace>
    </Page>
  </Layout>
</alto>
