4096 6715
821 447 653 161 ROBERT.

1848 447 780 153 LIVRE III.

3076 492 150 127 383

354 589 2872 138 ſainct Alban: lequel confeſſe qu’en ce temps les Dannoys (mais non ſous Canut) avans

358 701 2864 123 guerroyé l’Angleterre, & gaſté tout le pays voiſin de Cantorbery, vindrent en Nor¬

354 775 2868 135 mandie y faiſans de grands maux & rauages, & d’où ſe retirans apres leur courſe, re¬

358 865 2879 127 tournerent en Angleterre. Il ne fait aucune mention ny de Canut, ny de la cauſe de

358 958 2879 135 ceſte courſe Dannoiſe, comme auſſi elle n’eſtoit autre que pour ſçauoir les Normãds

358 1066 2871 112 & Bretons eſtre amys, & alliez de la maiſon & ſang d’Angleterre, ou pluſtoſt la cou¬

354 1160 2872 119 ſtume de ces Pyrates Dannoys les y achemina, leſquels ne ſe ſoucioyent d’aucun Roy,

354 1253 2872 112 & ne faiſoyẽt eſtat d’autre reſpect, que du moyen de ſ'enrichir de depoüilles.Au reſte

350 1339 2853 123 Henry Archediacre de Hungtinthon, bien que d’eſcriue au long l’hiſtoire de ce Roy

347 1421 2863 140 Etheldred, ſi ne fait-il mention quelconque de ceſte guerre, ny de la diſcorde entre thon li. 6.

347 1516 2863 134 luy & le Normand, ains ſe contente de dire que Richard ottroya ſa ſœur en mariage de l'hiſtoi¬

347 1606 2863 128 à ce Roy, qui pretendoit par ceſte alliance, ſe fortifier contre les Dannoys leſquels il re d'An¬

347 1689 2863 146 voyoit entrer furieuſement en ſes terres pour le priuer de ſon heritage. Et par ce glererre.

354 1902 2868 105 voyant fruſtré de ſon attente, ſe paciſia auec luy, & prit fin leur querelle (ainſi que les

347 1984 2879 120 Princes l’ont de couſtume) par le mariage de la ſœur du Normand auec le Roy An¬

350 2077 2879 120 glois, qui auint (ſuyuant le dire du ſuſdit de Hungtinthon) l’an de noſtre ſalut mille,

350 2178 2887 101 auquel apparurent & aduindrent pluſieurs ſignes & prodiges: d’autant que premiere¬

354 2268 2886 97 mẽt la terre trembla en pluſieurs endroits, & ſur la fin de Decẽbre on veit enuiron les

341 2333 2880 134 huit heures du matin vne Comete ayant la figure d’vne torche allumée au milieu du signes &

341 2417 2880 140 ciel, ayant telle clarté & ſplendeur, que non ſeulement la lueur eſtoit eſpanduë par la prodigesap

358 2512 2858 146 campaigne, ains encore penetroit-elle comme vn grand & vehement eſclair iuſqu’ao ygu de gva

347 2607 2869 134 plus ſecret des maiſons: & ceſte grande clarté ſ'eſuanoüiſſant petit à petit, on voy oit le piidé¬

347 2708 2882 119 cependant comme la forme d’vn ſerpent qui alloit en croiſſant, & ayant les pieds tous

347 2797 2882 120 azurez, dequoy ie laiſſe l’interpretation, à ceux qui ſ'arreſtent religieuſement en ces

347 2876 2880 134 prodiges. Cependant mourut Seguin Archeueſque de Sens, que les anciens Chroni- Mort de

347 2976 2880 140 queurs appellent Metropolitain de Gaule, comme tenant le premier ranc pour lors seguin Ar

347 3066 2880 134 entre les Prelats de l’Egliſe Gallicane. Or auons nous dit cy deſſus quel deſordre l’E-cheueſque

347 3150 2880 157 gliſe ſouffroit pour l’abus des Princes ſe meſlans de donner les Archeueſchez & Eueſ-de Sens.

350 3249 2887 138 chez à qui bon leur ſembloit, ſans aucun eſgard de l’ancienne & ſaincte diſcipline de

347 3353 2890 116 l’Egliſe: & comme Hue Eapet commença reformer ces abus, remettant les Abbaïes

347 3447 2893 108 entre les mains des moynes pour eſlire des Abbez de leur corps, & poſant les Eueſ¬

347 3530 2858 129 chez ſous le droit ancien des Elections. Suyuant ceſte ordonnance Royale de Capet, ꝑnit d¬¬

347 3614 2858 135 confirmée & faite pratiquer par Robert, apres la mort du ſus-nommé Archeueſque lectiõ rẽdu

347 3704 2858 140 Seguin, le peuple & clergé de Sens voulut ioüyr du priuilege, & proceder à l’election, aux Egli¬

353 3793 2846 135 laquelle cauſa vn ſchiſme: d’autant que le peuple demandoit auoir pour paſteur Leo-ſes par Ca¬

347 3877 2869 140 theric Archediacre, gentil-homme de maiſon illuſtre, & reputé de ſaincte vie: là ou ychiſmesu

347 3984 2869 140 pluſieurs du clergé, aſpirans à la meſme dignité, furent cauſe que Fromond Com-P'Eeliſe de

347 4068 2869 140 te de Sens, & fils de Renard l’ancien, homme de mauuaiſe vie, & grand perſecuteur sent.

354 4170 2883 120 des gens de bien, deſireux de faire ſon fils Archeueſque, troubla tout, & fut cauſe que

358 4267 2879 108 ce ſiege fut vn an entier ſans paſteur : neantmoins quelque effort qu’il ſceut faire, les

362 4364 2871 120 Eueſques ſuffragans de la Prouince Senonoiſe, ſ'aſſemblans ſous l’authorité Apoſto¬

353 4431 2874 157 lique, eſleurent ſelon les deſirs du peuple, ſans crainte du Comte, & ſacrerent ſolen- Leotherie

353 4527 2874 134 nellement le ſuſdit Leotheric pour Archeueſque, dequoy ſourdirẽt depuis de grands fais Arche

369 4622 2841 134 ſcandales, ainſi que ie diray cy apres, car pour ceſt effect, vous ay-ie mis en auant ceſte sent

353 4711 2863 134 election de Leotheric propoſée par Aymon moyne en ſon hiſtoire. Iuſqu’icy auoit le Mymon

358 4806 2858 135 Roy Robert veſcu en paix, adonné au ſeul ſeruice de Dieu, duquel (comme auons dit) li.cb.46

358 4896 2858 145 il eſtoit ſoigneux ſur toute choſe: mais la dignité Royale n’eſtant guere iamais ſans ap- Fouchard

358 4980 2852 156 porter quelque cas d’eſpineux parmy ſes aiſes, grandeurs & delices, Robert veit auſſi Comte de

364 5081 2829 145 que celuy qui veut eſtre Roy, faut auſſi que ſente les incõmoditez qui ſont à la royau-Melun fa¬

364 5164 2863 152 té familieres. Entre les ſeigneurs de ſa maiſon y auoit vn Comte de Melun appellé yoy Zobert.

369 5271 2858 128 Bouchard, qui eſtoit des plus fauoriſez & aymez du Roy, & lequel pour mieux com-Gautier ca

375 5360 2852 146 plaire à ſon Prince, & luy faire ſeruice, laiſſant ſa maiſon & Comté, eſtoit ordinaire-pitaine de

369 5450 2836 140 ment en court, laiſſant à vn ſien vaſſal nommé Gaultier la charge & garde de ſon cha-Melũ ſous

369 5528 2836 151 ſteau de Melun: d’autant que ce cheualier luy ſembloit loyal ſur tout autre, & ſage en le Cõte de

369 5629 2836 224 ſes actions, & duquel il auoit vne grande fiance, comme l’ayant cogneu tel en d’autres Beucherd.

3240 1275 269 146 Henty de

3222 1380 272 123 Hangtin¬

3240 2488 232 119 paroiſſent

3237 3913 67 60 Er.

3229 4592 273 104 ueſque de

3211 5148 295 104 Mory dis
