2382 3368
1120 97 708 112 AVANT DISCOVRS.

759 187 1392 116 l’Arrogãce Grecque. Laquelle appellant Barbares

761 297 1390 80 tous ceux qui ne parloſent comme les Grees. pui¬

757 447 1400 93 faire eſtimer tels tous peuples qui n’auoient la ciui

757 527 1400 90 lité de la Grece:fut prinſe com'hereditaire & par

757 613 1400 103 droit ſucceſſif des Romains. Leſquels d’autant plus

757 703 1400 95 fiers que les Grecs, que ne s’eſtimans inferieurs à

767 787 1384 92 eux en langue ne ciuilité mõdaine, ils ſe donnoiẽt

761 866 1400 92 l’auantage des forces d’vn eſtat nompareil: firent

767 954 1392 82 encor d’autãt moins de comte de tous ceux qu’ils

765 1038 1396 88 auoient ſous-mis à leur Empire:que les voians in

763 1113 1400 95 ferieurs de langue & ciuilité, les auoient au reſte

767 1197 1394 105 com eſclaues de leur plaiſir. Mais comme dit plai¬

763 1369 1400 86 rien diminuer l’excellence de noſtre langue. Veu

765 1463 1398 80 que cete impudente fierté Grecque, admiratrice

761 1532 1402 93 de ſes ſeules inuẽtions, n’eut onques loy ny priui

761 1614 1405 105 lege, de legitimer ainſi ſa nation & abaſtardir les au

759 1704 1405 97 tres. Com Anacharſis confeſſoit, les Scythes eſtre

757 1786 1400 86 Barbares entre les Atheniens: mais auſſi que les A¬

757 1871 1406 91 theniens l’eſtoient entre les Scythes. Et quand biẽ

757 1953 1398 93 par la faute de frequẽtation auec les Forains, & pa¬

754 2033 1403 94 reſſe de nos deuanciers: noſtre premiere langue

754 2114 1405 107 d’euſt eſtre nõmée Barbare, cõme plus rude, poure

755 2207 1406 98 & moins ſignificatiue que la Grecque:ie ne voye

757 2290 1400 93 pourtant,qu'on la doiue auiourd’huy tãt reculer.

754 2381 1403 73 Car nous ne cedons en rien aux Grecs. Soit pour la

754 2453 1401 91 ſur intendence voire eſtendue, de l’eſtat: ſoit pour

755 2533 1398 95 la douceur de la langue. Nõ plus que pour l’honne

752 2619 1401 110 ſteté des mœurs, courtoiſie, deuoirs d’humanité:&

510 258 236 78 Arrosance

507 331 232 69 des Grrcs &

508 377 256 77 Lacins, cau de la langue eſtendant ce mot aux mœurs, pour

510 443 221 77 ſe du meſ¬

507 501 241 79 pris des lan¬

507 563 235 82 gues moder

508 630 98 66 ne5

507 1216 211 93 Du sellay

508 1289 256 88 en illeſtra. de ſamment quelcun de nos Poetes:cela ne doit en

507 1349 198 84 le lan.Fr.
