4096 6048
756 221 1643 205 LIVRE DIXSEPTIEME.

2869 265 181 181 105.

181 383 2957 174 ſe trouuerent plus auant en l’eau qu’ils n’euſſent creu. Ceſte incommodité neantmoins ne

184 497 2937 148 leur fiſt perdre tant ſoit peu de cœur, pour le commencement: car l’enſeigne Colonelle,

184 588 2951 168 voiant la pluye des harquebuzades de la ville tomber ſi dru ſur eux; vit bien qu’il ne falloit aſauc.

184 698 2947 142 pas demeurer là, & d’vne gaillarde hardieſſe paſſe l’eau, & donne juſques au pied de la tour:

181 779 2950 151 reſoluë de paſſer outre, & ſe planter ſur la breche, ſi vne harquebuzade à meſme inſtant ne

181 870 2954 154 luy euſt percé la teſte, & fait tomber le drapeau des poings. Er cõme les Capitaines Ruda¬

178 981 2957 131 chers qui l’accompagnoyẽt vouluſſent, les vns donner plus auant, les autres la releuer, pour

174 1058 2961 148 ſigne aux autres qu’ils enfonçaſſent; tant d’harquebuzades les taſtoient ſi au vif, que les ſui

174 1169 2957 121 uans voiant la pluſpart de ces Chefs morts: tant de feux artificiels, huyles, eaux bouillantes

174 1253 2961 131 groſſes & menuës pierres leur tomber ſur la teſte; furent contens pour ceſte heure de ſur¬

168 1344 2963 144 ſeoir l’entreprinſe, & ſe retirer au dela l’eau.Ioint que de cõbatre, &ruer beaucoup de coups

168 1434 2963 141 ne leur eſtoit poſſible, pour auoir le pied mouillé, & en lieu humide, ſi que la pluſpart d’eux

171 1538 2960 138 ne pouuoient s’affermir le pied, pour combatre aſſeuréemẽt; cauſe que pour vn coup qu’ils

171 1632 2960 138 donnoient ils en receuoient quatre. Et ce qui aida fort à les eſtonner, fut que tout à l’inſtant

171 1713 2957 135 ils virent les aſſiegez cõme s’ils euſſent reprins nouueau cœur, deſcendre de la breche pour

168 1814 2960 138 acheuer de tuer ceux, qui bleſſez ou demy morts, eſtoiẽt demeurez au pied de la muraille, &

168 1932 2956 100 meſme remporterent loudain dedans la ville l’Enſeigne Colonelle, & les armes des decedez

164 2002 2957 134 en ſigne de triomphe: voire que puis apres ils firent deſcendre vn Miniſtre, pour randre gra¬

161 2103 2957 124 ces à Dieu, & les encourager à faire mieux à l’auenir. C’eſt choſe aſſeurée, que ſi les premiers

161 2177 2957 148 euſſent eſté rafraiſchis, vne ou deux fois ſeulement: les aſſiegez euſſent tout quitté: tãt pour

157 2288 2961 117 n’eſtre nombre competent, que pour auoir à ſe defendre deuãt & derriere: Sauoir eſt, de ceux

157 2375 2954 138 qui auoient ſecrette intelligence auec le Comte, qui s’ẽnuyoient de la longueur de ce ſiege:

154 2466 2950 144 intimidez du peril qu’ils ſe plaignoient, comme certain, deuant les yeux.Car lors de l’aſſaut,

157 2560 2954 131 on s’apperceut qu’on auoit tiré par derriere quelques coups d’harquebuze, à ceux qui gar¬

157 2647 2954 131 doient la breche: & quand les femmes, filles, & enfans portoient de l’eau pour eſtaindre le

147 2741 2961 138 feu, qui par fois prenoit aux balles de la breche, ou pour s’ẽ ſeruir ailleurs, on leur tiroit des

154 2849 2954 127 pierres deſſous la hale:voire que le poudrier & canonnier, qui eſtoit à la tour du pont, miſt le

151 2936 2957 138 feu à la poudre, jettant les pieces au bas du foſſé, qui depuis ne fut veu: auec pluſieurs au¬

154 3037 2950 128 tres menées qui furent deſcouuertes: tellemẽt que ſi l’aſſaut euſt duré plus long temps, ſans

147 3128 2961 117 doute ils ſe fuſſent dec larez plus ouuertement. Ceſte journée toutesfois ne ſe paſſa auec ſi

147 3205 2957 134 douces alarmes: car les ſoldats Catholiques, retournez au gros de l’Infanterie, furent telle¬

141 3302 2960 135 ment tancez par les principaux Chefs, de n’auoir fait autre deuoir, & ſi aigremẽt reprins par

147 3400 2954 141 leurs Capitaines, qui bleſſez leur auoient tracé le chemin de ſi bien faire: qu’auec l’eſpoir du

144 3494 2954 131 ſac & butin de la ville qu’on leur preſentoit:ils s’encouragerent les vns les autres, de reprẽ¬

144 3575 2962 157 dre l’aſſaut plus furieux que deuant. Ce qu’ils firent:tellement que d’vne grande huée qu’ils Aſſautre¬

147 3682 2944 124 jetterent en l’air, comme pour ſignal de ville prinſe:tous marcherent ſi courageuſement

144 3766 2954 145 pour entrer dedans, que c’eſt choſe impoſſible de croire.Mais voiant l’eau qui les auoit arreſ

144 3874 2947 127 tez, & tant ennuiez par le paſſé, reſterent comme refroidis au bord de la Riuiere. Pluſieurs

141 3951 2950 134 toutesfois, cõme les plus courageux, ſe jetterent dedans: & paſſans outre,attaquerent aſſez

144 4042 2950 147 chaudement l’eſcarmouche, s’eſtimans ſecondez de leurs compagnons: leſquels reſtans au

144 4149 2943 141 bord de l’eau, furent occaſion que les aſſiegez n’aians en mire que ceux qui eſtoient paſſez,

144 4236 2943 145 les tuerent ou bleſſerent preſque tous, ſi qu’en fin les moins offenſez ſe retirerent ſous leurs

141 4341 2950 121 enſeignes. Tant au premier qu’au ſecond aſſaut, furẽt tuez le Capitaine Flogeat vaillãt Chef

144 4431 2947 118 d’vne des cõpagnies du Regimẽt du feu Comte de Briſſac, & le Capitaine Corbon Gentil¬

141 4512 2943 141 hõme Santõgeois, du meſme Regiment: & l’Enſeigne Colonelle.Le Capitaine Freſſonnet,

141 4616 2946 131 des meſmes bãdes fut bleſſé: mais guary depuis: & le Capitaine la Rade: le Capitaine laMar¬

141 4697 2943 144 che, du Regimẽt du Cõte mourut. Depuis l’Anglois maiſtre des mines: & Morlon Cõmiſſai

147 4804 2930 131 re & conducteur du charroy de l’Artillerie, Citadin de Poitiers y mourut, & pluſieurs autres.

282 4888 2782 138 Le Comte, qui a touſjours eſté ſoigneux, d’auoir & entretenir ſes auertiſſemens de

141 4979 2936 139 toutes pars: auoir ſceu que les Princes aians rompu le Corps de garde de la Roche-a- hircleuer

151 5073 2920 131 beille, & veu que Monſieur ne deliberoit pour lors de donner bataille, ains licencioit la

141 5174 2926 138 pluſpart de ſes troupes, pour ſe rafraiſchir:auoiẽt deſpeſché Teligny, & le jeune Mansfeld,

141 5271 2926 121 auec quatre Cornettes de Reitres, quelques Françoiſes, & le Regiment Fantaſſin de Brique¬

141 5345 2930 182 maut, (à l’inſtante requeſte des Poiteuins) pour faire leuer le ſiege de Niort:aiant auec lui les

2583 5463 81 161 O

3148 467 296 154 Moien pour

3145 581 285 127 ſouſtenir vn

3108 3659 147 110 prins.

3091 4838 299 158 Teliguy det

3091 4969 272 94 peche pour

3081 5093 252 111 le ſiege de

3091 5160 158 98 Niort.
