1484 2071
364 156 215 41 LIVRE V.

798 140 70 59 232

116 170 750 72 La forme eſtoit d’vn demy cercle ou croiſſant, ayant

99 226 765 58 les deux cornes de l’auantgarde & arrieregarde eſten¬

101 266 764 55 due comme deux aiſles & au milieu eſtoit le corps &

101 299 763 58 & principalle force de la bataille. A la gauche deuers

101 337 761 55 Laon & ſur le chemin de Creſſy à la pointe de l’auant¬

100 376 763 57 garde eſtoient les compagnies d’arquebuziers à cheual

102 415 760 57 des capitaines Fauerolles & Trichaſteau chacũ de cent

102 454 760 56 cheuaux, & celles des cheuaux legers des capitaines

101 488 762 61 Pierre, Laigny, la Vallette, Rotigotty & Bueil cha¬

101 531 765 54 cune de cent cheuaux. Ioignant & ſuiuant leſquelles

103 566 765 59 eſtoient les quatre cornettes de Reiſtres du Duc de Lu¬

103 605 762 61 nebourg que ſuiuoient autres compagnies de caual¬

103 640 759 65 lerie legere des capitaines Comte de Roiſſi, Lombay,

107 681 757 54 Touchepot, Thomas & Comte Deu, chacune de cent

104 719 762 61 cheuaux: reſerué celle du Comte Deu qui eſtoit de

105 758 760 58 deux cens & celle de gendarmerie de cinquante hom¬

107 795 761 58 mes d’armes, du Duc de Nemours qui eſtoit General

108 833 757 59 lur toute la cauallerie legere. Pres d’vn Moulin

109 869 760 61 à vent commençoit la bataille, ou eſtoient de

108 910 762 58 premier front les compagnies de gendarmerie de

110 946 759 59 Curton, Prince de la Roche Sur-Yon, de Rendan, de

109 983 762 64 la Roche-Foucaut, de la Vauguyon, de Ienlis, de la

109 1021 762 63 Roche du Maine & de Montmorency chacune de cin¬

111 1061 759 59 quante hommes d’armes, entre leſquelles & les autres

110 1101 761 58 compagnies qui ioignoyent ſe preſentoient quatre

112 1137 760 59 cornettes de Reiſtres du colonel Scheneueux. Puis s’e¬

111 1173 762 61 ſtendoient de front les compagnies de gendarmerie de

111 1211 766 62 Beauuais, Tauanes & de Bordillon chacune de cinquan¬

112 1250 762 62 te hommes d’armes, & celles des Ducs de Lorraine & de

116 1288 758 59 ouyſe. Lequal eſtoit là en perſonne comme Lieutenant Duc de

116 1327 761 59 General pour le Roy & commandant en la bataille, du-Guyſetieu¬

113 1365 757 61 quel la cornette eſtoit au deuant de ſa compagnie & ſa

112 1402 767 68 garde de cent Reiſtres ſous la charge du Capitaine Bau- le Roy¬

115 1443 766 56 dopre encores plus auant. Comme auſſi eſtoient cent

115 1479 768 62 harquebuziers à cheual:ſous la charge du Capitaine

118 1516 765 61 Ventou. Au deſſous de ce Prince eſtoit le Duc de Saxe

113 1557 771 59 auec ſes ſept cornettes de Reiſtres & & tout apres eſtoi¬

115 1595 768 60 ent rengez en bataille quarree les deux regiments de

113 1632 770 63 pens de pied Allemans des colonels Reif-berg de dix

115 1670 768 61 enſeignes & Vvaldebourg de 4.que flanquoient d’autre

113 1708 766 74 coſté a. cornettes de Reiſtres du colonel Henry Stoup:

878 1370 136 34 tenant Ge¬

880 1395 131 50 neral pour
