4096 5476
976 179 451 240 *t.D.uxx.

2492 203 392 104 LIVRE

1506 270 2413 177 gne, courans ſur les Soiſſonnois, leur alla au deuant.

1497 413 2437 137 ſi que entré en leur pays, il les rompt & força de faire

1506 529 2431 149 ioug à ſa puiſſance. Marc Antoine Colonne, n’en feiſt

1521 644 2422 150 gueres moins contre Iean Iaques Tnuulce, Chef des

1524 763 2401 143 Venitiens, qui alloit ſouuent courir ſur ceux de Ve¬

1512 876 2428 149 tonne: car ſoudain il feiſt marcher ſes gens, & auec ſu

1521 988 2419 137 menuë artillerie le fut rencontrer à Valeſſe, où il paſ¬

1518 1107 2422 140 ſoit le Mince, deliberé de luy faire teſte en ceſt en¬

1524 1222 2416 156 droit. Triuulce ſe voyant inferieur de forces, ſe retire

1524 1338 670 149 ſans rien faire.

1691 1448 2249 155 Or pour leur faire barrieres reſolurent d’y enuoyer

1524 1566 2416 143 monſieur le Mareſchal de Coſſé, auec bon nombre de

1536 1688 2395 143 gendarmerie Françoiſe, le reſte des Reitres & Italiens,

1530 1804 2413 152 les Suiſſes & quelques Regimens de gens de pied Fran

1536 1922 2407 152 çois, & nõbre d’ar illerie. Auec ce, ledict ſeigneur Ma¬

1533 2035 2407 149 reſchal,, delibera ſ’auancer, & acheminer ſon aimée,

1530 2147 2413 140 entr’eux, & les ſuſdites villes: à fin que leur auoir tran¬

1536 2269 2410 149 ché le chemin, & par là oſté tout le moyen de rien en¬

1530 2388 2419 143 treprendre, il les peuſt en fin ranger en quelque lieu

1542 2497 2404 137 qui luy fuſt auantageux pour leur preſenter vne batail¬

1533 2616 2413 152 le, qu’il eſtimoit aiſée à gaigner, ſ’arreſtant au rapport

1542 2731 2401 146 qu’on luy auoit fait de l’eſtat de l’armée Proteſtante:

1539 2847 2407 152 car meſmes on auoit aſſeuré ſa Maieſté, que l’Amniral

1536 2969 2413 134 n’auoit plus de gens de pied, que l’infanterie n’auoit

1542 3078 2392 152 voulu paſſer la Gaſcongne, Languedoc, & Dauphiné,

1539 3191 2401 167 pays deſquels la plus grande partie eſtoit ſortie, & que

1542 3316 2398 146 ce qui leur reſtoit d’harquebuſiers, n’eſtoient que gens

1536 3434 2398 146 ramaſſez, non couſtumiers à tel exercice guerrier,

1539 3547 2401 149 montez à l’Argolete, & meſme en fort petit nombre.

1545 3659 2398 140 Que la cauallerie eſtoit ſi fort haraſſée, que rien plus:

1548 3772 2401 161 Qu'elle eſtoit auſſi par ſemblable diminuée des deux

1545 3903 2401 140 tiers: & au reſte fort mal en conche, tant pour auoir

1539 4009 2413 155 eſté de beaucoup amoindiie, par pluſieurs qui ſ'eſtoient

1536 4122 2410 152 retirez, auſſi toſt qu’ils eurent ſenty la fumée de leurs

1536 4240 2401 162 maiſons, que pour les longs trauaux, & penibles cour¬

1542 4356 2404 155 uées que le reſte auoit fait en vn ſi long & mal aiſé

1545 4469 2389 167 voyage. Conſideré meſme, tant la longueur d’ice¬

1542 4590 2395 161 luy, que le naturel du pays ennemy, & qualité de

1539 4703 2392 164 l’Hyuer, qui leur auoit eſté fort aſpre: ſ'aſſeurant,

1545 4821 2383 223 veu ces conſiderations, que ſ'il les pouuoit tirer à
