1192 1885
439 69 236 63 de Sauoye.

877 63 77 69 141

157 146 798 66 poſitions qui doiuent eſtre payez

160 205 704 76 par les propres ſubiects du païs.

481 300 156 37 AIV.

178 336 765 74 Les ſubiets de l’vne & l’autre part,

153 406 798 73 tant Eccleſiaſtiques que ſeculiers:

155 475 799 74 nonobſtãt qu’ils ayent ſerui en par¬

155 545 802 68 ti contraire, rétreront paiſiblemẽt

153 610 802 67 en la iouïſſance de tous & chacuns

153 675 799 71 leurs biens, offices & benefices, ſui¬

152 750 798 64 uant ce qui eſt contenu par le 7. ar¬

152 811 802 69 ticle dudit traicté de Veruins, ſans

156 878 798 76 que cela puiſſe eſtre entendu des

158 954 379 67 gouuernemens.

479 1004 129 73 XV.

223 1078 734 76 Tous priſonniers de guerre &

155 1150 801 72 autres, qui à l’occaſion des guerres

153 1216 804 71 ſont detenus de part & d’autre, ſe¬

152 1285 804 71 ront mis en liberté, en payant leur

153 1351 807 73 deſpence, & ce qu’ils pourroient

153 1420 807 67 d’ailleurs iuſtement deuoir, ſans

152 1489 800 71 eſtre tenus de payer aucune raçon,

153 1554 806 81 ſinon qu’ils en ayent conuenu. Et
