4096 6694
706 308 1436 249 Sous François II.

2615 345 230 223 239

297 531 2582 235 les combatre, & leur faire cõfeſſer à la poin¬

301 717 2589 209 te de l’eſpee ou de la lance, que c’eſtoyẽt pol

305 885 2589 197 trons & canailles, & qu’euxmeſmes cer¬

308 1030 2582 200 choyent la ſubuerſion de ſon eſtat, & d’eſtein

308 1190 2582 212 dre le ſang Royal, pour la conſeruation du¬

319 1349 2579 205 quel il voudroit employer & vie & biens, cõ

323 1517 2571 189 me il en auoit fait touſiours bonne preuue:

323 1662 2586 212 & auſsi pour ſon intereſt à la couronne

334 1818 2575 208 & maiſon de France, de laquelle il deuoir

334 1985 2571 201 procurer l’entretenement à meilleur tiltre

338 2153 2560 186 que ſes accuſateurs: ſommant la compagnie,

342 2309 2563 190 s’il y en auoit aucun qui euſt fait ce rapport,

345 2454 2567 205 ou qui le vouluſt maintenir, de le declarer

349 2618 2571 200 promptement. Sur quoy, nul ne ſe preſentant

357 2766 2559 220 il ſupplia le Roy de le tenir pour homme de

364 2930 2563 201 bien, & ne preſter à l’auenir l’aureille en der

368 3086 2552 190 riere à tels calomniateurs & abuſeurs: mais

375 3250 2545 197 les reietter comme ennemis de luy, & du re¬

379 3399 2556 208 pos public. Cela dit, il ſortit hors du conſeil

379 3566 2548 182 pour les laiſſer opiner. Mais le Roy, ayant eu

379 3711 2548 193 le ſignal du Cardinal, rompit l’aſſemblee

379 3875 2552 204 ſans demander l’auis de la compagnie. Et dit

379 4034 2552 209 on que ceux de Guiſe le firẽt expreſsément,

386 4202 2545 197 par ce qu’ils craignoyent grandement que

390 4347 2549 208 les trois freres de Chaſtillon, ioints auec le

394 4507 2552 197 Conneſtable, tous alliez dudit Sieur Prince,

394 4678 2552 197 prinſſent ſa cauſe en main, & que leur dernie

405 4830 2534 201 re condition fuſt beaucoup pire que la pre¬

409 4979 2541 201 miere: ayans leſdits Seigneurs vne infinité

412 5139 2534 190 d’amis, tant de la nobleſſe, que d’autres plus

405 5299 2548 257 apparens des principales villes. Or quant au
