1484 2071
447 135 241 46 LIVRTVII.

902 141 50 49 513

155 186 795 44 lalt. la diuernté de felgions à creu de temps en temps,

157 207 795 62 & de regne en regne, iuſques à preſent, quelque reſiſtan

157 246 798 57 ce que lõ y ait fait par le feu ou par le glaiue, qui ne ſõt

158 285 795 55 pas les armes, dont lon a deu vſer en telles choſes, mais

158 321 794 56 pluſtoſt y proceder par vn amendement de vie, par la

158 356 792 63 reſidence & predication des Eueſques & Paſteurs, & par

157 396 793 57 Ie ſoin des curez ſur les troupeaux. Et par ainſi Dieu ne

156 433 791 65 ſtant ſatisfait ni appaiſé, il ne faut pas trouuer eſtrange,

156 472 791 59 ſi les choſes vont de mal en pis: veu qu’aux hereſies an¬

155 511 794 58 ciennes, les graues, dignes & vertueux Eueſques, ont re¬

157 551 790 61 ſiſté le plus qu’ils ont peu. A preſent on voit combien

156 589 789 55 il y a de difference d’eux, à ceux qui tiennent leur place,

156 625 788 61 voulant vn chacun applaudir à ſon peché, & ne ſe laiſſer

153 665 789 58 conduire à vn ſeul amendement & reformation de vie.

157 700 789 62 Que ceux de la nouuelle religion, ont prins plus de har

154 742 790 57 dieſſe, de ſe manifeſter du temps du regne du Roy pre¬

151 778 789 61 ſent, pour ſon bas aage, qu’ils n’auoient fait auparauãt.

153 820 788 55 Ce que Dieũ a permis, pour touſiours nous trauailler

151 852 786 64 dauantage, n’ayant rien fait de ce qu’il a voulu de nous,

151 891 789 61 pour noſtre amendemẽt: à quoy tout ce que nous voy-

150 933 790 54 ons de calamitez & diuiſions, nous doit conduire, ſi

148 966 790 62 nous ne ſommes bien aueuglez. Ceux qui conſeilleront

150 1007 785 59 au Roy de ſe mettre tout d’vn coſté, font autant que

150 1042 785 64 s’ils luy diſoient qu’il print les armes, pour faire com¬

148 1080 786 62 batre les membres par les membres, à la ruine du corpt:

146 1122 788 55 & voudrois bien ſçauoir, quels ſont les capitaines, ſol¬

147 1157 786 62 dats, & gens de guerre, que lon voudroit bailler pour

150 1194 783 63 vne telle execution, & quelle ſeureté lon ſe pourroit

147 1234 782 60 promettre en l’euenement. Outre qu’il n’y a perſonne,

147 1271 786 61 qui ne confeſſe que la victoire ne ſçauroit eſtre que dõ¬

142 1310 790 64 mageable, quelque part qu’elle peuſt choir, celuy qui eſt

142 1349 788 62 eſgal contre les deux parties, s’y comportant ſans paſ¬

141 1388 788 58 ſion, eſt celuy qui ſe propoſe & ſuit le meilleur chemin:

140 1423 792 64 & celuy qui n’empeſche point, qu’on ne puniſſe les mal

141 1461 785 65 faiteurs. Mefſieurs, le Roy noſtre ſouuerain Seigneur,

143 1500 783 63 vous a mãdez pour prendre conſeil & auis de vous, ſur

137 1538 790 63 les troubles & diuiſions qui vous ſont treſcogneus en ce

137 1577 793 61 roiaume: Dieu vous face la grace, de luy dõner auis, nõ

135 1616 787 61 ſelon la prudẽce humaine, mais ſelõ la ſageſſe de Dieu¬

135 1655 795 61 car il eſt eſcrit, Dißipat Deus conſilia gentium: c’eſt à di¬

134 1693 796 82 re, qu’il renuerſe le conſeil de ceux qui ne ſont guidez &

275 1733 122 76 Tomer.

718 1740 105 65 TTT..
