1192 1885
414 67 232 74 de Sauoye.

874 84 56 69 115

130 136 806 80 s’y portoient toutesfois ſi paiſible¬

128 206 807 76 ment, que comme s’ils n’euſſent eu

128 279 797 73 tous qu’vn zele & pareille deuotiõ,

127 342 806 76 ils n’en ſortoient moins & par fois

128 410 803 74 plus contens, qu’ils y eſtoient en¬

129 474 803 79 trez. Ce que la diuerſité de religion

126 547 807 77 n’euſt permis en autre temps, ni

124 612 809 76 meſmes entre nos plus proches de¬

123 680 807 80 uanciers, qui ſe ſont ſi long temps

123 745 800 81 entrebattus, trahis, tuez, maſſacrez,

122 811 809 81 & plus qu’horriblement pourſuiuis

125 878 805 81 pour ſe faire perdre les biës, l’hon¬

121 949 807 75 neur, le corps & l’ame tout enſem¬

120 1012 810 81 ble: ſur tout contre les habitans de

121 1082 805 80 ceſte ville, qu’ils tenoient pour iu¬

118 1150 808 77 rée retraite de leurs plus grãds en¬

118 1216 811 79 nemis, & ſeule ſource de toutes les

118 1280 810 85 miſeres, que le differẽt de religion

119 1353 804 79 leur auoit apporté. Dont les plus a¬

117 1416 804 82 uiſez, n’atribuoient moins la cauſe,

116 1488 810 80 au merite du Prince qui ſe ſçait faire

116 1555 803 83 aymer des vns, craindre des autres,

637 1628 139 65 H 2
