1140 2002
63 123 144 53 1562

361 110 256 57 Liur. VI.

808 111 64 71 235

61 196 817 38 toutestois il entua queiques vnb entie leiqueis le trou¬

63 222 252 47 ua le Colonnel.

116 271 763 35 L’AMIRAI cependant au meſme inſtant que

62 294 815 54 le Prince s’eſbranſla, ayant deux cornettes de Rei¬

59 334 818 46 ſtres à main droite marcha auec ſon regiment & la

61 372 816 49 troupe du Prince Portien, droit au Conneſtable &

61 410 816 54 ſept ou huict eſtendards de gendarmes fermans l’au¬

62 450 816 50 tre bout de la bataille, & ayant ſouſtenu vne volee de

61 490 816 51 leur artillerie & quelques arquebouziers enfans perdus

62 530 813 51 qui les endomagerent bien peu, rompit tout ce qu’il

61 568 814 50 rencontra ſans trouuer trop grande reſiſtence. Si eſt

62 608 814 49 ce que quelques vns firent bien leur deuoir, mais

61 643 811 54 la pluſpart eut la vie plus chere que l’honneur: deſ¬

63 682 808 52 quels toutesfois pluſieurs demeurerent ſur le champ à

63 724 810 43 faute de bons eſperons, s’enfuyans les autres en telle

61 760 812 53 diligence qu’il y en eut qui ſe trouuerent le lende¬

61 799 811 48 main aux portes de Paris à huict heures du matin,

62 839 811 51 crians que tout eſtoit perdu. Quant au Conneſtable,

60 874 812 52 ſon cheual luy fut tué, & le ſieur d’Oraiſon ſe trou¬

62 914 813 50 uant là fort à propos le remonta ſur le ſien: mais toſt

60 954 816 50 apres il fut tellement bleſſé d’vn coup de piſtole à la

61 993 814 50 machoire d’embas dont il perdit vne dent, & telle¬

62 1031 813 53 ment enueloppé qu’il ſe rendit au ſieur de Vezines, au¬

62 1071 811 50 quel toutesfois les Reiſtres ſuruenans l’arracherent,

61 1108 814 52 luy oſtans ſon eſpee & receuans ſa foy. Le Prince

60 1145 816 53 Portien fils de la Comteſſe de Semigan à laquelle le

62 1185 815 52 Conneſtable auoit fait de grands maux iuſques à la

63 1225 814 49 mettre en l’extreme danger de la vie, ſe trouua là auſ¬

61 1263 817 52 ſi: Ce qui eſtonna le Conneſtable craignant la vengean

61 1301 815 47 ce. Mais le Prince Portien (comme il eſtoit vraye¬

62 1340 813 53 ment de bon & genereux naturel) au lieu de la piſto¬

60 1379 817 52 le luy preſenta la main, luy promettant toute aſſiſten¬

60 1415 820 54 ce & gratieuſeté. Il y auoit vn bataillon de dix ſept enſei

62 1455 817 54 gnes de Bretons & François aupres des Suiſſes qui furẽt

60 1493 817 54 aiſés à rompre: & par ainſi toute la bataille du Con¬

60 1532 816 50 neſtable fut entierement rompue & deffaite auec vne

61 1571 814 53 fort grand tuerie eſtans pourſuiuis les fuyards iuſ¬

61 1609 812 54 ques à la riuiere où pluſieurs ſe noyerent, & fut pillé

59 1648 812 80 la plus part du bagage des ennemis. Les Lanſque¬
