2811 4017
462 122 314 132 Liur V.

469 388 177 94 La certieu¬

471 466 145 49 de qu’ont

473 497 145 56 les entans

468 533 143 76 de Dieu.

643 214 1723 107 t iomphe & couronne de gloire qui nous eſt preparce aux cieux par noſtre chef & cau¬

645 296 1723 78 taine noſtre Seigneur lelus. A quoy nous alpirons de plus en plus, & de iour en iour no¬

645 345 1723 85 ſtre deſir & affection d’y paruenir s’augmente par la grace de ce bon Sauueur & Redem¬

646 408 1719 77 pteur leſus. Ie dy en verite que l’Eſprit de Dieu docteur interieur de nos cõſciences, nou¬

647 457 1717 78 rend vn tel teſmoignage de noſtre election, & vocation, & adoption, de la remiſſion de

645 511 1723 82 nos pechez, de noſtre reconciliation & iuſtification par la mort & reſurrection de noſtre

647 566 1719 78 Seigneur Ieſus, qu’onques de ma vie n’eu telle cognoiſſance de mon ſalut & aſſeurance,

647 620 1724 80 par les leçons & ſermons que i’ay ouys en ſon eſcole, que ie ſen en mon cœur par experi¬

647 673 1721 79 ence en ceſte pratique & probation d’affliction & perſecutiõ: de ſorte qu’il me tarde quãd

647 727 1724 80 ie ſeray hors de ce corps de peché, & reueſtu d’vn corps glorieux. Il eſt bien certain que ce

645 781 1721 84 n’eſt pas ſans grande bataille de la chair contre l’eſprit: de ſorte qu’eſt vray ce que contient

643 840 321 80 ceſte ſentence:

727 910 569 64 Ce corps lié demandeſa rançon

727 940 757 91 (Mon veſcher pere) & l'eſprirau contraire

727 1004 696 83 Le veut laiſſer, comme vne orde priſon:

727 1054 773 84 L'vn tẽd au mõde, & l'autre à s’en diſtraire:

727 1111 666 84 C’est grand putié que de les ouirbraire.

1297 118 386 131 Jean Trigalet

660 1164 1706 101 Vori a la victoire que le Seigneur nous donne par la vertu de ſon Eſprit, apres auoir

645 1229 1721 80 longuement combatu: de ſorte que nous nous rẽgeons a la volonte de noſtre bon Pere, re¬

649 1285 1717 83 mettans le tout en ſa main, eſperans que cõme en ceſte vie caduque il s’eſt monſtré fidel¬

647 1338 1721 85 gardien de nos corps & ames, qu’il le ſera auſſi en la vie celeſte. Iele ſupplié au nom de

645 1394 1721 81 ſon Fils Ieſus, quil nous maintienne en ceſte foy & eſperance iuſques au dernier ſouſpir

643 1448 1723 87 de ceſte vie. QVANT à ce que nous eſcriuez du voyage de Marſeille, nous vous en a¬

640 1506 1728 80 uons eſcrit: & poſſible que ſi le preſent porteur ne vous apporte les lettres, ne tarderez pas

640 1559 1726 81 long temps a les receuoir. Or bien, quoy qu’il en ſoit, Dieu & Pere de noſtre Seigneur le.

640 1611 1728 82 ſus Chriſt, duquel nous ſommes priſonniers, nous fera la grace de glorifier ſon ſainct

640 1671 1728 80 nom, & edifier ſon Egliſe, ſoit que nous paſſions par feu ou par eau hors de ce miſerable &

640 1725 1726 82 damnable monde, ſoit que viuions, nous viurons en luy, ſoit que mourions, nous mour¬

636 1774 1729 87 rons pour luy & en luy: & comme il eſt eſcrit, Bien-heureux ſont ceux-la qui meurent au

643 1832 1723 78 Seigneur.O mort heureuſe, repos de tous trauaux,& paſſage de la vie mortelle a la vie im¬

638 1883 1728 78 mortelle, par laquelle mort nous entrons en pleine & parfaite poſſeſſion de la gloireim¬

638 1941 1728 78 mortelle, qui eternellement nous eſt acquiſe & preparee par noſtre chef & capitaine leſus

638 2004 1728 73 Chriſt! Il nous a mis comme ſes membres en la voye par laquelle il eſt monté en ceſtegloi

636 2048 1730 85 re. Et a ceſte cauſe nous reſiouiſſons-nous en nos afflictiõs de peu de duree, leſquelles ont

638 2099 1728 81 vn grand poids de gloire a venir, dont ſommes eſtimez du monde fols & inſenſez: mais

636 2155 1730 74 nous-nous contentons d’eſtre eſtimez de Dieu ſages de la lageſſe de ſon Eſprit, laquelle

634 2209 1732 89 les hommes auenglez par Satan, & les impoſtures & trom peries de l’Antechriſt ſon fils,

634 2276 1730 80 eſtans deſtituez des yeux de la foy, ne peuuent aucunement apperceüoir ny com¬

646 2329 181 97 prendre.

1514 913 610 61 Ha(dit le corps) faut-il mourirainſe

1514 943 576 81 Ha (dit l'eſprit )faut-llanguirio?

1507 994 687 87 Va(dit le corps) mieux que toy ieſouhaites

1507 1057 617 74 Va (dit l'eſprit) tu faus & moy außi,

1521 1104 650 81 Du Seigneur Dieu la volonté ſoit faite.

459 1707 174 204 »sna

730 2386 1447 87 q Diſons donc, mon bien-aimé pere, tous deux enſemble auec tous fideles,

455 2497 178 63 cetlafa

457 2535 132 49 miſeau

459 2566 166 69 Pſeau.no.

457 2608 136 54 chanté à

452 2637 171 91 Srabourg

747 2467 723 73 A toy Seigneur
ſoit tout honneur & gloire,

1541 2467 573 60 tes bien-faicts, tant en adverſité,

693 2510 767 87 Fay nous ce bien d’auoir touſiours memoire Comme en proſperité.

1521 2503 365 94 Comme en proſperité.

676 2561 1692 94 JAXONS touſiours & au cœur & en la bouche ceſte ſaincte requeſte, afin que par no¬

633 2621 1732 83 ſtre ingratitude & meſcognoiſſance des biens & graces incomprehenſibles que Dieu

629 2689 1735 69 nous fait, ne contraignions comme par force ce bon Dieu de nous en priuer. Crions donc

629 2738 1735 78 auec les S. Martyrs, Sainct, ſainct, ſainct des ſaincts, à toy ſeul ſoit louange, honneur & gloi¬

629 2794 1733 80 re,& empire erernellement, Ainſi ſoit-il. Mon pere, ie ne puis retenir ma plume, pour l’ar

631 2845 1731 78 deur & vehemence de l’eſprit, que ie ne vous eſcriue encores ce mot, Que la priſon de no

629 2894 1735 85 ſtre Seigneur leſus, eſt l’eſcole où on apprend plus en vn iour que c’eſt du fruict & vertu

629 2952 1733 78 de la foy, & quelle eſt la vraye religion, par pratique & experience, qu’on ne fait en vn an

629 3003 1730 83 par theorique & ſcience de leçon & predication. Le Seigneur nous face ſentir le bien qui

629 3061 1728 78 nous reuient & par la theorique & par la pratique a la verité ſans hypocriſie: & nous tou¬

629 3113 1730 82 che le cœur du vifſentiment des biens infinis qui nous y ſont communiquez, pour n’en

629 3168 1728 83 eſtre iamais ingrats: mais luy en faire bonne & vraye recognoiſſance tout le temps de no¬

627 3226 1728 83 ſtre vie, de tout noſtre cœur, de bouche & d’œuure: en ſorte que luy ſeul en ſoit glorifié,

629 3283 771 121 & noſtreprochain edifie, Ainſi ſoit-l.

455 2758 158 109 Apocalat

2230 3320 125 130 Mon
