4096 5832
748 314 1121 210 QVATORZIEME.

2352 314 188 214 388

139 482 2411 208 lournee à ſon Excellence: contraints de miſerablemẽt

142 622 2401 158 abandonner les Lanſquenets à la merci des Suiſſes

149 745 2398 171 leurs anciens ennemis: leſquels entrans, comme par la

152 861 2391 169 breche que les harquebuſiers François auoyent faite

149 972 2394 171 dedans leur bataillon, les mirent pour la pluſpart en

152 1088 2391 172 pieces. On dit qu’entre ces Lãſquenets aucuns ſe trou¬

155 1198 2388 162 uerent Catholiques, de l’extreme auarice de ceſte na¬

155 1321 2392 166 rion, qui ſans acception de cauſe ny de perſonne, ſe

155 1435 2246 165 donne à qui premier l’enrolle à bon apointement.

285 1548 2265 153 Finalement les Suiſſes laſſez de tuer, pardonnerent

158 1694 2389 133 à quelques deux ou trois cens qu’ils prindrent comine

158 1772 2389 165 à leur ſeruice, & s’en aiderent depuis, preſque comme

162 1885 2385 175 de gouiats. De ſix à ſept mil eſchapperẽt quelques vns

162 2005 2385 169 moins armez, & mieux ingãbez que les premiers, ſeu¬

168 2122 2392 158 rent dés le commencement du frotis preſager la venue

168 2229 2388 171 d’vn ſi piteux orage, eſcampans des premiers, auec be¬

171 2352 2389 162 aucoup d’infanterie Françoiſe, qui ia long temps auoit

174 2459 2382 165 debuſqué, comme ie vous ay dit ci deſſus, dont bien

178 2569 2378 165 leur en print. Pres de trois mil harquebuſiers s’eſtoyẽt

174 2689 2389 152 rangez auec ces Lanſquenets, qui euſſent tous ſenti la

174 2802 2382 162 meſme fureur du victorieux, n’euſt eſté quelques

178 2919 2369 159 Chefs François, & Monſieur, qui vrayemẽt genereux,

187 3022 2369 166 ſe contẽta de l’honneur, que l’heureuſe iſſue de la plus

187 3139 2369 162 remarquable bataille qui fut iamais donnee en Fran¬

191 3256 2375 168 ce, & peut eſtre ailleurs, luy appreſtoit, commandant

197 3366 2369 155 qu’on pardonnaſt aux François. Comme diſt Ceſar és

194 3483 2369 162 champs Pharſaliens, apres auoir emporté l’auantage

197 3593 2359 162 contre Pompee, Soldat, pardonne aux Citoyẽs, diſoit¬

194 3703 2372 165 il, marchant de bande en bande, pour ſauuer ces Com¬

207 3823 2362 162 bourgeois. Peut eſtre que l’vn & l’autre Chef ſe vou¬

207 3933 2369 165 loit preualoir du bien-dit de Marc Lucie, General

207 4046 2365 156 des Romains: auſquels voulans pourſuyure la poin¬

210 4163 2369 152 te de leur victoire ſur Aſdrubal, & ſes Carthageois:

207 4267 2369 175 Non, non, mes amis, dit-il, il faut qu’il en reſte quel¬

217 4386 2355 159 ques vns pour en porter les nouuelles à leurs compa¬

223 4526 298 168 gnons.

398 4604 2184 175 Quatorze ou quinze cens neantmoins demeure¬

220 4727 2369 168 rent là, pour engraiſſer la plaine de Cron, & ſeruir de

223 4840 2366 162 marque eternelle à la iournee de Moncontour, que les

207 4957 2388 207 huguenots perdirent, tant pour la faute de cœur

1792 5151 359 81 ca Mij
