4096 6899
245 597 2961 150 l'Angleterre duraſſent encor', & que preſque on fut ſur le point de recommencer la

253 728 2953 115 guerre, les armées eſtans encor' en campaigne, & le Roy ayant ſon oſt campé pres

253 824 2957 95 du Bourg Dieu en Berry: voicy Guillaume Archeueſque de Tyr (celuy qui a eſcrit

249 900 2957 127 l'hiſtoire de la guerre ſaincte) qui vint en Gaule, auec lettres du Pape Clement, lequel

249 988 2934 138 auſſi deſpecha vn Legat vers ces deux grands Roys pour les accorder enſemble, & les

241 1080 2923 150 ſolliciter ou de faire ce voyage, ou d’enuoyer forces pour le ſecours des Chreſtien

241 1172 2946 138 en Leuant. Les Roys donc eſtans aſſemblez à Trie pres de Giſors pour parlementer

241 1270 2946 127 ſuc le faict de leur querelle, tandis qu’ils debattoyent de leurs affaires, ſuruint le ſuſ¬

247 1356 2940 150 dict Archeueſque de Tyr, lequel les informant au vray des nouuelles piteuſes d’O¬

241 1448 2946 144 rient, & des miſeres des Chreſtiens, vſa de tant d’arguments, & de raiſons (car il e¬

264 1540 2923 161 ſtoit fort ſçauant, & eloquent ſelon la portée du temps d’alors,) qu’il feit oublier à

249 1644 2941 138 ces deux grands Roys leurs differents, & les attira à faire le voyage de la Terre-ſain¬

247 1724 2951 150 de: & de cecy voyez comme parle Guillaume de Neubrige. Peu au parauantſdict-il)

253 1835 2926 123 res Roys auoyent diſcorde & inimitié mortelle enſemble, n’ayans finy la guerre, ains

253 1931 2934 138 ſeulement feit trefues pour quelque temps: mais en ceſt abouchement, tandis

260 2019 2946 142 que d’vne religieuſe intention ils pourchaſſerent pluſtoſt ce qui eſt de Dieu, que

260 2119 2946 134 leur prouffit particulier, auſſi perdirent ils du tout la memoire de leur ancienne hai¬

264 2207 2942 142 ne: & aſſoupiſſans toutes queſtions & querelles pour l’amour de Ieſus-Chriſt, ſe re¬

264 2303 2942 130 ſolurent d’vn pareil deſir & meſme affection, de deffendre la cauſe de la Religion

258 2391 2934 144 Chreſtienne. A ceſte cauſe, pour monſtrer l’ardeur de leur deuotion, ils ſe leuerent

270 2489 2922 149 & prenans la croix, le ſigne & marque du Roy des Roys, de la main de ceſt Arche¬

264 2575 2928 144 uelque, ils ſe voüérent à ceſte ſi ſaincte entrepriſe, & à la deliurance & recouurement

268 2675 2934 149 & liberté tant de la Cité de Hieruſalem, que des Chreſtiens que detenoit Saladin

272 2767 2941 149 en captiuité. L’exemple de ces deux grands Monarques fut ſuiuy ſoudain par les

272 2863 2938 134 Prelats qui ſ'enſuyuent, Gautier Archeueſque de Roüen, Baudoüin Archeueſque de

264 2955 2934 138 Cantorbery, & les Eueſques de Beauuais, & de Chartres: des Princes, ſe croiſerent

270 3058 2928 132 Hugues Duc de Bourgoigne, Richard Comte de Poitou fils du Roy d’Angleterre,

264 3144 2934 150 Phaiſ̃ppe d’Elſace Comte de Flandres, Thibauld Comte de Bloys, Rotrou Comte

264 3248 2934 126 du Perche: Guillaume Comte de Bar, & de Roche-fort: Henry Comte de Cham¬

270 3340 2928 149 paigne: Robert Comte de Dreux, & Prince du ſang de France: les Comtes de

276 3430 2934 130 Clermont, de Beaumont & de Neuers, & depuis celuy de Foix, & le Seigneur d’A¬

276 3529 2934 131 uenes, lequel eſtant party le premier, & faiſant ſon voyage par mer fut celuy qui

279 3625 2931 123 auec les forces de la Gaule Belgique paſſa en Portugal, & prit comme i’ay dict cy deſ¬

279 3713 2931 131 ſus la Cité de Sylues en Portugal ſur le Roy des Almohades d’Afrique, qui tourmen¬

283 3805 2923 142 toit pour lors les Portugais. Auant ceſt accord, & Croiſade faicte pres de Giſors,

283 3905 2930 127 tandis qu’on eſtoit en diſpute ſur les articles propoſez tant d’vne part que d’autre, le

276 3984 2928 149 Comte Richard de Poitou, ſans reſpect du deuoir d’vn vaſſal à ſon Seigneur de ſief,

276 4081 2928 133 oſa preſenter gaige de deffy de bataille & duel au Roy Philippe ſon ſouuerain: le¬

287 4179 2917 144 quel gage le Comte Philippe de Flandres, affin de ſe monſtrer Comte & pair de

291 4292 2903 123 France, & vray deffenſeur de la couronne, leua, & offrit ſon corps contre le Prince

291 4369 2922 149 Anglois, pour & au nom du Roy de France ſon Seigneur. Et de faict le iour eſtant

291 4480 2911 119 aſſigné, & le lieu nommé pour le combat, le Comte de Flandres ſ'y trouua en equi¬

287 4564 2917 144 page de bon Cheualier, mais non le Prince Anglois: à cecy ſ'oppoſans les Princes

287 4656 2917 138 de France, qui dirent que Richard ne pouuant appeller ſon ſouuerain au combat,

287 4760 2917 115 le Flamand n’auoit auſſi occaſion de leuer le gage, & ce nonobſtant, le Flamand ſe

293 4840 2911 144 vanta d’en auoir la victoire, puis que ſuyuant le droict & loix du duel, l’Anglois, bien

293 4932 2911 144 qu'aſſaillant, ne ſ'eſtoit trouué à l’aſſignation. Mais comme i’ay monſtré cy deſſus,

299 5032 2926 134 & en autre lieu ſur meſme propos, le deffy eſtant non loyſible, l’acceptation auſſi du

299 5135 2926 115 Comte Flamand eſtoit nulle,ſi ce n’eſt que ſur ceſte abſence de l’Anglois, il eut dreſ¬

302 5231 2927 115 ſé vne nouuelle querelle: car par ce moyen il eut faict eſgalité de perſonnes & eut

302 5316 2923 126 iuſtifié l’occaſion du combat, qu’il ne pouuoit accepter,cõme repreſentant la perſon¬

302 5408 2923 134 ne du Roy de France. Ioinct que (comme nous auons dit cy deſſus) par l’accord de la

306 5519 2915 115 trefue de Chaſteau-Roulx, le Roy Anglois, & Richard ſon fils auoyent iuré, & pro¬

310 5595 2907 135 mis de ſe ſous-mettre en ceſt affaire & querelle au iugement du conſeil & Parle¬

314 5695 2907 126 ment de France: de ſorte que le duel eut eſté inique, quand bien meſme Richard

322 5783 2895 207 eut peu appeller ſon Seigneur à duel ou bataille de corps à corps, Ie n’ay dict cecy

471 452 2275 172 PHILIPPE AVGVSTE. LIVRE III.

3022 490 172 138 554

3217 896 280 181 Abexct.

3202 1046 291 103 ment des

3198 1115 236 126 Roys de

3181 1195 305 121 France &

3187 1287 304 127 d’Angleter

3187 1362 253 132 re entre

3181 1443 270 120 Trie, &

3181 1523 213 144 Giſors.

3192 1719 299 120 Guillaume

3206 1801 284 130 de Neubri

3194 1939 284 88 geiſars 3

3210 1943 212 207 t421

3215 2362 288 144 Roys derrã

3215 2466 276 126 tcet d’An¬

3221 2546 184 121 leterre

3215 2615 179 179 Gceiſer

3198 2880 305 195 Prlun &

3206 3024 299 115 Princes qui

3192 3098 305 127 ſe croiſertt

3192 3173 299 127 lan mille

3198 3265 293 132 cent octan¬

3192 3340 265 172 1e-huict.

3204 3846 305 270 Temerité

3210 4070 299 138 de Richard

3210 4156 293 138 Comte de

3213 4262 215 115 Poitou.

3252 4419 253 134 Loyauté

3225 4530 284 115 de Philippe

3210 4599 299 132 Comte de

3210 4662 264 138 Flandres.

3215 4754 288 132 Moyer liu.

3215 4840 288 144 6. des An

3215 4921 167 167 nales.

2515 5867 441 181 CCCe ij
