4096 6298
444 678 2731 140 mais en aſſemblee plus preſſee, y eſtant le Duc de Guyſe entre celuy de Mercure & de

448 787 2727 122 Neuers, & le Duc du Maine grand Chambellan, au premier degré de l’eſchafaut des Prin¬

448 881 2723 119 ces deuant le Roy, apres que le Chancelier eut eu l’aduis du Roy, fut commandé par vn

448 958 2727 147 Heraut à l’Archeueſque de Lyon, de parler pour le Clergé. Lors ſe mettant à vn pulpitre

451 1053 2699 133 de genoux deuant le Roy, & auoir dit vne clauſe de ſa harengue, ſe leua par le comman¬

451 1133 2710 137 dement du Roy. Puis ora cinq quarts d’heure. Le Baron de Seneſcey demy quart d’heure

434 1235 2716 126 pour la Nobleſſe, & Verſoris heure & demie, à genoux pres de demie, iuſques à ce que le

451 1319 2713 136 Heraulele feit leuer par commandemẽt du Roy. Et tous les deputez leuez & deſcouuers,

455 1410 2720 133 quand l’Orateur du Clergé parla aſſez toſt apres, on les fit aſſeoir. Autant en firent quand

455 1497 2692 126 la Nobleſſe parla. Mais quant au tiers eſtat il demeura touſiours debout & teſtes nuës,

462 1574 2706 136 comme il auoit eſté enioint entrant en la ſalle, bien que le Clergé & Nobleſſe fuſſent aſ¬

458 1668 2710 140 ſis & couuerts. Vray eſt quele tiers eſtat à Orleans auoit eſté autant priuilegié que les

462 1766 2709 140 autres, & ſon Orateur meſme parla debout. Le Clergé emporta l’honneur de bien dire, &

469 1864 696 140 parla comme ſenſuit.

990 531 1677 182 DE NOSTRE TEMPS. LIV. XIII.

598 2018 2451 154 Harengue prononcee deuant le Roy, ſeant en ſes eſtats generaux à Bloys, par Reuerend pere

819 2127 1950 133 en Dieu, Meſſire Pierre d'Epinac, Archeueſque, Comte de Lyon, Primat

1081 2200 1453 130 des Gaules, au nom de l'eſtat Eccleſiaſtique de France.

1515 2319 568 102 CHAP. XIII.

962 2484 2213 122 IRE, encores que la France, qui a eſté iuſques icy agitee par les plus gran¬

973 2568 2202 115 des & perilleuſes tempeſtes, qui ayent iamais trauaillé autre republique,

966 2648 2216 140 ne ſoit pas encores du tout hors des vagues & orages: ſi eſt-ce qu'elle pẽ¬

973 2746 2212 133 ſe deſia veoir de loing le port, & ſe perſuade d’arriuer bien toſt en lieu

987 2834 2195 129 de ſeureté, puiſque toutes choſes luy tendent ayde & promettent ſe¬

483 2928 2692 116 cours. Car premierement Dieu qui auoit eſtendu ſur nous la main de ſon iuſte corroux,

479 3005 2699 130 nous oſtant le ſentiment de nos maux, & le ſens pour y pourueoir, ſemble maintenant

479 3107 2703 118 nous regarder de ſon œil de pitié, puis qu’il nous prepare de ſi grands conſeils, & vne ſi

483 3183 2702 144 parfaitte vnion, pour arreſter le cours commun de nos miſeres. Et apres ceſte aſſeurance

483 3281 2702 123 que nous auons eu de Dieu, la prudence qui eſt en vous plus grande que voſtre aage ne

483 3369 2709 136 permer, la dexterité de voſtre eſprit, qui ſe recognoiſt en toutes vos actions, & a eſté re¬

486 3467 2706 108 marquee en ceſte eloquente propoſition, qui a raui tout le monde en admiration, & vo¬

483 3554 2709 112 ſtre ſaincte & bonne volonté & pieté enuers voſtre peuple, nous donnent eſperance d’v¬

479 3645 2713 105 ne felicité prochaine. Et ceſte expectation eſt grandement confirmee, quand nous conſi¬

486 3719 2703 133 derons que voſtre ſainct deſir eſt ſi affectueuſement ſecondé par le conſeil de la Royne

486 3806 2703 126 voſtre mere, qui ayant ſi biẽ merité de tout le royaume de Frãce, tant pour le ſoing qu’el¬

483 3897 2716 123 le a eu de faire ſi ſainctement & religieuſement inſtituer les ans de voſtre premiere ieuneſ¬

486 3985 2703 129 ſe, que par la ſage conduitte, par laquelle elle a manié le gouuernail de ceſte Monarchie,

486 4086 2703 140 pendant le tẽps des plus dangereuſes tẽpeſtes, continue encores maintenant à vouloir par

486 4177 2703 119 ſa prudence ayder à remettre voſtre royaume en ſon ancien hõneur. Et nous promet en¬

486 4265 2710 122 cores beaucoup de bien l’aſſiſtance & valeur de Monſeigneur voſtre frere, que nous eſpe¬

483 4352 2709 109 rons deuoir eſtre le bras dextre de voſtre authorité & puiſlance. Et auec toutes ces choſes

490 4429 2706 123 vos tres- humbles ſubiects, qui par les calamitez ſouffertes par le paſſé, ſembloient auoir

490 4538 2706 115 perdu le courage, recognoiſſans la faueur que le ciel leur preſente maintenant, reueillent

490 4615 2709 125 leurs eſprits ia cõme endormis & aſſoupis, & apportent vn bon zele & affectiõ à la reſtau¬

486 4695 2713 129 ration de ceſt eſtat: de ſorte qu’il ſemble que toutes ces choſes ioinctes enſemble, nous

493 4793 2535 122 facent deſia veoir le ciel plus ſerain, & nous promettent vne heureuſe tranquillité.

523 2944 382 18 S

2993 556 446 168 HENRY 3.

3098 451 206 161 1063

3154 975 283 113 Herengue de

3152 1066 306 95 l'Archneſque

3156 1096 315 153 daiyen caarle

3164 1207 140 119 clergé.

3164 1321 312 109 Tiers cſtasàge¬

3160 1410 270 108 vour & deſ¬

3164 1466 161 160 cuver.

563 4873 2640 144 Et commẽt eſt-ce que nous ne ſerions tous en ceſte expectariõ de bon-heur, puis qu’il

493 4975 2706 126 plaiſt à voſtre Majeſté, nõ comme Roy, mais cõme pere tres-bening, traitter ſi gracieuſe¬

493 5059 2710 126 ment auec vos ſubiects, leur donner ceſte honneſte liberté de vous dire leurs plaintes &

493 5153 2710 179 doleances, & faire vne ſi amiable communication & conference aueceux, pour trouuer

2702 5237 273 151 VV iij
