1225 2107
137 112 592 53 DES CHRONIQVES.

44 159 803 50 44)

46 206 805 44 de cent cinquante mille Gots, tous hommes d’eſlite.

46 237 804 50 Aians veu les troupes de Belliſaire ſorties pour deſcou¬

46 276 808 57 urir l’ennemi, attachent incontinent l’eſcarmouche, en

48 317 805 54 meſpriſant ceſte poignee de gens. Et dautãt que le che¬

48 354 803 48 ual de Belliſaire eſtoit aiſe à remarquer, pource qu’il e¬

50 392 802 56 ſtoit fauue & auoit la teſte blanche, les Gots eſtimans

48 431 804 57 (& à bon droit) obtenir aiſement la victoire s’ils tuoiẽt

49 469 803 56 le chef, ordonnent qu’vne troupe lui coure ſus tout en¬

49 506 801 54 ſemble, crians ſans ceſſe. Au cheual fauue. Mais ſuiuant

49 547 802 55 l’ancienne diſcipline des Lacedemoniens Belliſaire e¬

50 585 799 58 ſtoit enuironné de gens de cheual, tous choiſis, vail¬

49 625 801 52 lans, experts en guerre, fideles & entiers. Ceux là le de¬

50 664 800 50 fendirent courageuſement, & lui de ſon coſté comba¬

51 703 800 55 tit auec vne reſolution merueilleuſe, & finalement ſe

52 740 800 55 retira ſain & ſauue, en vn petit coſtau aſſez pres du

51 780 800 53 camp, où les Gots ne l’oſerent aller aſſaillir à cauſe que

52 821 801 47 la nuict approchoit. Aiant eſté ainſi preſerué miraculeu

52 858 802 56 ſement il rentra dans Rome, & remit le cœur au ventre

52 896 802 58 de pluſieurs qui eſtoient en branſle, eſtimans qu’il fuſt

52 935 802 52 mort. Puis apres durant le ſiege, comme les ennemis taſ

53 975 801 53 choient de vaincre, & pluſieurs combats ſe donnoient

55 1014 801 57 aux breſches, les Gots perdirent trente mille hommes

55 1054 801 54 pour vn iour. Ceſte perte les affoiblit tellement, que le

56 1093 801 52 ſiege fut moins preſſe que de couſtume. Or il auint que

56 1130 801 53 entre autres miſeres, dont la ville fut affligee, il y auoit

57 1170 800 57 famine. Sur ce quelques Senateurs Romains & l’Eueſ¬

57 1206 801 51 que Siluerius furẽt ſoupçonnez d’auoir intelligence a¬

57 1246 802 55 uec les Gots pour leur rendre la ville. Au moien de¬

57 1284 803 56 quoi Belliſaire bannit l’Eueſque & ceux qui auoient e¬

59 1328 802 48 ſté accuſez: puis eſt ablit pour ſucceſſeur à Siluerius

57 1361 803 51 vn diacre nommé Vigilius. Ces choſes ſont meſmes

59 1401 800 55 recitees au droit Canon, en la cauſe 23. queſtion 4. où

65 1441 404 51 Siluerius dit qu’ila excommunié Belliſaire & Vigilius

773 132 74 30 445

97 1477 763 52 Finalement Vitiges leua le ſiege de Rome, où

59 1514 802 56 FINALEMENT Vitiges leua le ſiege de Rome, où

59 1554 804 50 il y eut ſoixante ſept rencontres, & mena ſon camp de¬

60 1594 801 54 uant Rimini. Depuis diuerſes villes furent aſſiegees &

59 1637 804 45 rendues de part & d’autre. Milan fut raſee par les Gots,

56 1671 807 66 qui y tuerent vn merueilleux nombre d’hommes. Bel¬
