1870 2629
419 270 432 57 A LA NOBLESSE.

48 328 990 63 des que l’ennemi luy peut donner: puis alla eſtendre

49 381 983 60 ſon armee ſur le contour de la ville qu’il aſſiegea,

51 432 987 52 batit, & enleua des mains de ſon ennemi: lequel ſe¬

48 495 992 43 courq de nonuelſe Cauaſſerie, luy preſenta batail¬

49 524 983 64 le,, qui luy fut ſi peu heureuſe, qu’il y demeura,

49 576 985 60 auec les plus lignalez de tout ſon camp. Quel proſit,

49 626 991 59 ie vous prie, quel plaiſir ſauriez-vous prendre de

48 671 992 65 ces comtes de la Cicogne, qui me reſſemblent plus

49 724 992 58 aux narrez de nos Cheualliers errans, qu’à autres

49 771 992 60 diſcours approuuez? On me dira que ſi les Hiſtorio¬

55 820 992 60 graphes vouloyent particulariſer tous les actes de

52 869 992 56 tant d’armees, qu’on en feroit vne mer d’hiſtoires ſi

55 917 991 57 exceſſiue, que la vie de tous les ſiecles ne baſteroit à

52 963 998 60 Ia lecture d’vne ſeule partie. Non, non, ie ne veux

54 1012 989 61 particulariſer que les plus braues traicts de guerre,

54 1058 987 59 pour les rendre imitables à la poſterité. D’ailleurs,

54 1107 989 57 ie les veux coucher ſi briefs, & par telle Traditiue,

54 1156 994 59 que la lecture n’en pourra ennuyer les plus reueſ¬

55 1204 995 59 ches, & pareſſeux lecteurs. Ioint qu’vn meſme traict

56 1253 994 58 ſe reitere ſouuent par pluſieurs, voire par vn meſ¬

56 1299 994 57 me Chef: occaſion, qu’on n’aura la peine de le repe¬

56 1345 987 54 ter en l'hiſtoire. Mais qui plus eſt, il
ſeroit plus

56 1393 997 61 expedient de les mettre au long, au profit des plus

56 1441 992 58 curieux & nobles eſprits, que de les oublier du tout,

59 1492 992 54 pour nous confiner és tenebres de tout erreur, &

58 1537 993 57 conſequemment incommoder ceux qui viendront

61 1584 992 57 apres nous, de la perte de tant de batailles, prinſes

65 1634 988 58 de places, gaſts, ſaccagemens, & ruines de Repu¬

65 1681 988 59 bliques. Ie veux en ſomme, que nous repreſentant

65 1726 988 54 les entreprinſes de quelque Chef, il n’oublie les

65 1780 989 48 moyens que il a tenu pour les executer. Par ain¬

71 1822 983 56 ſi, de pluſieurs diuerſes diſpoſitions d’armees au

68 1872 988 54 iour d’vne battaille: de pluſieurs diuerſes formes

67 1917 981 63 de campemens de ſieges, & defenſes de places,

68 1968 988 59 nous en choiſirons les meilleures, pour l’aduan¬

68 2014 988 77 cement de noſtre honneur, & proufit de la Repu¬

74 2060 149 97 blique.

696 2100 146 66 4**.iiii.
