4096 6228
689 429 1499 207 DES TROIS MONDES

2531 463 128 180 23

311 574 2358 214 leurs. Ils n’obſeruent gueres les degrez de pa¬

311 747 2368 180 renté en mariages, non plus que la loyauté en

311 892 2361 180 iceux. Ils en prennent tant qu’ils peuuent. Au¬

308 1038 2368 176 cuns Oreions prennent leurs ſœurs: leurs cou¬

308 1169 2364 173 ſins heritent non les fils: ſinon entre les Ingas

315 1314 2357 187 & autres ſeigneurs. Ils ſont grands menteurs,

311 1467 2358 183 larrons, cruels, paillards, Sodomites, ingrats,

308 1615 2375 163 ſans honneur ny honté: ſans charité ny vertu

318 1743 2368 177 La terre eſt fertille, vn grain d’auoine rẽd trois

318 1892 2368 194 cents eſpics, & de froment deux cents, ailleurs

325 2055 2365 149 trois, & nul moins d'vn cent. La cheure rend

325 2172 2365 177 einq cabris, du moins deux, & ainſi des autres.

328 2314 2365 194 Les morts ſ'enſeneliſſent & les Seigneurs fem

332 2463 2354 187 baument auec leurs armes, meubles, fruits, pa¬

339 2612 2354 190 ges, amies & ſeruiteurs. Ailleurs celà ne ſe fait

339 2740 2358 183 pas. Ils ne croyent l’immortalité de l’ame. Les

339 2892 2365 190 Indiens en general, ſont auiourd'huy tenus de

342 3030 2355 187 ſi court, tant aſſidus aux mines, ſi battus &

342 3172 2362 198 mal traittez que rien plus: quelques ordonnã¬

346 3314 2354 197 ces que Charles cinquieſme y aye peu faire tãt

349 3449 2355 204 eſt grande la conuoitiſe humaine pour deſen¬

353 3598 2358 190 trailer cette mere commune de ce qu'elle ne

353 3733 2354 201 cachoit tant pour ſingularité de la choſe, que

360 3871 2357 204 pour le peu de proffit qu'elle voioit y eſtre. Si

363 4034 2348 180 l'opinion des hommes n’auoit ia en ces & au¬

363 4155 2351 194 tres choſes, maitriſé la raiſon & verité qui eſt

363 4300 2361 184 és choſes humaines. Les Eueſchez ſont à Cuſ¬

363 4449 2354 201 co, Quito, & Chareas , l'Archeueſque en los

373 4622 406 149 Reyes.

488 4705 2236 211 Panama eſt vn peuple chetif & mal ſain, tou

370 4878 2354 197 tesfois le lieu eſt renõme pour le paſſage du Pe

370 5023 2351 229 ru à Nõbre de Dios, &de la tout ſe porte aux

2731 4553 437 239 ART.7

2730 4754 389 144 Panama.
