4096 6163
364 647 1753 159 qu’en auoit eſté le commencement.

683 493 1578 148 DES TROIS MONDES

503 749 2200 180 Si que l’Empire Macedonien deſmembré à

354 873 2344 220 tant de Capitaines, qui ſe firent Royteletz des

354 1006 2354 226 pays les plus commodes qu’ils peurent ſaiſir:

354 1155 2344 205 ne laiſſans aux Grecz qu’vn vain deſir de leur

364 1294 2339 210 ancienne liberté: fut occaſion que depuis ce¬

354 1438 2374 220 ſte premiere ſeruitude, ils ne ſe ſceurent iamais

359 1581 2380 211 releuer,ny de biens, ny d’honneur, ny de crean¬

380 1725 2343 216 ce vers leurs voiſins: deſquelz ce pendant les

370 1864 2364 200 Romains croiſſans par l’affoibliſſement des

370 2013 2338 205 reſtes du Macedonien: ne leur apporterent

370 2146 2374 226 plus de commoditez qu’ils auoient eu des au¬

385 2285 2400 226 tres: viuans tant eſclaues, & ſi priuez de repu¬

385 2449 2328 195 tation, que preſque tous les Medecins, Prece¬

385 2583 2359 210 pteurs, Maiſtres d’eſcolles, & eſclaues Ro¬

364 2721 2385 196 mains eſtoient Grecz, deſquels ils ſe ſeruoient

385 2860 2354 200 à telles vacations peu recommandables en la

364 3004 2385 231 Republique pour vn long temps: meſmes plu¬

390 3148 2323 200 ſieurs grands perſonnages n’en daignoient ap¬

375 3281 2384 221 prendre la langue pour belle qu’elle fuſt, com¬

395 3435 2349 201 me diſoit Marius: Que ce luy ſeroit vn grand

390 3553 2369 237 deshonneur de parler la langue de ceux qui

406 3702 2343 211 ne ſembloient nez, que pour le ſeruice des

400 3908 340 154 autres.

2569 493 118 148 30

2728 683 422 149 ART. 14.

2749 790 349 144 Ruine de

2749 888 360 180 l'Empire

2749 1037 278 431 TTe

2785 4082 427 108 ART. I5.

2770 4129 524 226 Art de na¬

2780 4257 365 134 uiger det

2754 4365 401 231 Romains

580 4036 2148 165 Les Romains toutesfois paruenus au plus

406 4129 2322 231 grand Empire de leur temps, ne deſmentirent

400 4267 2334 226 gueres les Grecz en l’Art & Practique de naui¬

406 4416 2343 206 ger. Encores qu’ils eſcriuẽt, que pour traffiquer

416 4570 2333 190 & auoir eſtape en Dioſcurie, ſur la riuiere d’An¬

416 4699 2333 205 temon en la contree de Coraram, fondee par

406 4837 2343 216 les Mengreliens pres la mer Caſpie, ilz ſe pour¬

426 4981 2318 267 ueurent de cent trente-truchements, pour

2806 4776 416 180 Plin.6.c.5.
