2382 3368
1298.0 153.0 455.0 118.0 L'AMIRAL

750.0 245.0 1422.0 110.0 déy eſtre dreſſez pour l’aſſeurance de cét endroit.

825.0 338.0 1399.0 99.0 Bref, tous les autres Rois ſe ſont ainſi portez à la

750.0 419.0 1472.0 99.0 deffence des coſtes & frontieres de leur pays, contre

742.0 507.0 1477.0 91.0 les Normans qui ne s’eſſoient de roder la France.

744.0 595.0 1473.0 102.0 Car, outre ce qu’ils faiſoient vn grand peuple, vail¬

740.0 688.0 1477.0 81.0 lãt & cruel, qui d’ailleurs pouuoſt anocier aiiezd'au¬

739.0 774.0 1476.0 88.0 tres nations mal contẽtes, ſur les coſtes Septentrio¬

737.0 845.0 1474.0 86.0 nales:ils rencontrerent au temps de Pepin, Charle¬

735.0 926.0 1476.0 93.0 maigne & ſes ſucceſſeurs de braues chefs. Entre au¬

737.0 1016.0 1472.0 104.0 tres vn Geoffroy, ſi preſõptueux tant pour ſa valleur

739.0 1102.0 1468.0 91.0 que celle de ſa nation: que mettant d’ordinaire plus

737.0 1195.0 1470.0 77.0 de deux cens voilles en mer & non gueres moins de

737.0 1264.0 1470.0 90.0 quarante cinq mil hõmes en terre-ferme: il ſe van¬

733.0 1347.0 1469.0 93.0 toit de dompter la Germanie & la Gaule puis apres.

740.0 1435.0 1464.0 101.0 Voire d’aller attaquer Charlemaigne iuſques de¬

733.0 1519.0 1474.0 95.0 dans Aix ſur le Rhin, pour prendre poſſeſſion de ſa

729.0 1605.0 1473.0 93.0 Couronne. Si bien que pluſieurs Hiſtoriographes

729.0 1684.0 1473.0 99.0 tiennent, qu’il euſt eſté aſſez fol pour le faire, ſi l’vn

729.0 1770.0 1473.0 86.0 des ſiens mal-content, n’euſt eu la hardieſſe de le

724.0 1858.0 1476.0 102.0 tuer, comme il en dreſſoit les preparatifs. Leſquels

722.0 1945.0 1476.0 96.0 en partie effectuez par ſes ſucceſſeurs, eurent tel eue¬

724.0 2030.0 1472.0 86.0 nement, que voulut le bon ou mauuais deuoir que

722.0 2108.0 1471.0 94.0 firent les François à repouſſer leurs deſcentes. Ils ne

716.0 2191.0 1477.0 102.0 firent de grands progrez, ſoubs Loys le Debonnaire

720.0 2284.0 1473.0 101.0 qui ſceut bien pratiquer les moyens, que feu ſon

722.0 2368.0 1465.0 94.0 pere luy auoit mõſtré en ce faict. Mais les Seigneurs

720.0 2456.0 1467.0 86.0 François, entrez en diuiſion ſur ſon vieil aage: leur

716.0 2531.0 1471.0 86.0 donnerent aſſez d’ouuertures;les laiſſans aborder en

720.0 2612.0 1469.0 99.0 pluſieurs endroicts depuis la Hollande iuſques en

716.0 2701.0 1467.0 100.0 Poictou. Pluſieurs deſquels meſmes, s’habituerent

469.0 425.0 271.0 102.0 Dofthue deNor¬

469.0 512.0 264.0 79.0 mans ê Gaules.

462.0 1509.0 254.0 77.0 AiMe.4.B.

460.0 1571.0 245.0 73.0 Rm. ne. Ca.
