4096 6899
1196 406 318 226 132

1760 321 1607 276 Hiſtoire de France,

1200 574 2650 242 preſentaſt vn Prince du ſang, ou vn gentil¬

1200 770 2654 199 homme deüemẽt authoriſé de luy, s’ils vou¬

1200 923 2642 215 droyent donner aide à ſe ſaiſir de ces tyrans,

1204 1092 2654 218 afin d’aſſembler les eſtats generaux pour

1204 1253 2654 214 leur eſtre fait proces: & au reſte pouruoir

1200 1410 2658 218 au Roy de conſeil durant ſon bas aage, ſuy¬

1204 1582 2082 192 uant l’ordre en tel cas acouſtumé.

1361 1736 2508 218 Surce, pluſieurs ayans opiné, & trouué la

1204 1893 2658 218 choſe ſaincte, iuſte & grandement neceſſai¬

1208 2065 2638 219 re, il y en eut vn qui apres auoir approuué

1211 2223 2647 210 l’entrepriſe & grandement loüé les autheurs

1208 2383 2665 219 d’icelle, declara qu’il luy ſembloit auant

1211 2548 2658 203 que de donner ſa parole & promeſſe, eſtre

1211 2709 2658 211 requis que chacun iuraſt & promiſt à Dieu

1215 2870 2647 215 ſolennellement, de ne rien entreprendre

1211 3031 2658 200 contre l’authorité du Roy, ny de l’eſtat de

1215 3192 2647 223 France: proteſtãt de ſa part que s’il s’en pou¬

1215 3365 2650 210 uoit apperceuoir, meſmes quand ſe vien¬

1223 3518 2639 211 droit ſur le poinct de l’execution de l’en¬

1219 3679 2646 222 trepriſe, qu’il en aduertiroit le Roy, & ſe fe¬

1223 3840 2642 215 roit pluſtoſt tuer à ſes pieds que de ſouf¬

1227 4012 2638 200 frir aucune choſe eſtre attentee à ſon pre¬

1231 4189 487 184 iudice.

1442 4319 2423 222 Ceſte remonſtrance trouuee raiſonna¬

1227 4495 2646 211 ble, on commença de recueillir les voix, &

1231 4656 2638 207 lors chacun iura de ne rien entreprendre

1234 4813 2635 230 qu’au profit & aduantagé de leur Roy &

1231 4974 2634 223 naturel ſeigneur. Parquoy le premier ar¬

1231 5147 2631 199 ticle de ceſt accord recueilli par le ſecretai¬

1227 5300 2635 238 re ordonné en ceſt acte, fut couché en ces

1238 5484 859 265 propfes mots:

3459 5618 380 211 Prote¬
