4328 6748
1025 298 153 5 30

2100 97 840 259 LIVRE

1001 314 2940 218 ſix cents harquebuziers, & quelques deux cents

1001 502 2940 202 cheuaux. Se fit battre toutesfois. Mais demeuré

1001 656 2944 206 auec S. Aman pour defendre la breche, ceux qu’il

1005 821 2940 206 auoit enuoyé garder la fortereſſe, donnerent en¬

997 974 2948 210 trée aux Catoliques, qui ne leur tindrent ce que

997 1139 2948 206 ils leur promettoyent. Coqueuille ſe retire en

997 1297 2944 202 vne maiſon, en laquelle parlementãt il fut prins

993 1458 2952 210 ſans grande effuſion de ſang: car le Mareſchal

1001 1619 2944 202 vouloit garder le François. Les chefs eurent les

997 1776 2952 207 teſtes trãchées, portées à Paris, & fichées en lieu

1001 1941 2948 210 public, pour eſtre recognues de ceux qui ſe vou¬

997 2099 2952 199 droyent oublier iuſques là, que d’attenter le ſem

997 2264 2944 202 blable:quelques vns eſchapperent: à la plus patt

993 2418 2959 194 le Mareſchal fut miſericordieux, meſmemẽt aux

1001 2579 2951 202 François, qu’il retint auec luy: ſi que les eſtran¬

1008 2747 2944 207 gers demeurans ſur la place, appaiſa & mit fin

1001 2909 2674 191 aux troubles encommencés en ce pays-là.

1162 3062 2794 207 APRES la deffaite de Coqueuile, les Cato¬

1001 3224 2955 179 liques preuoyans les troubles aduenir: & que la

1001 3385 2959 176 nobleſſe de Normandie & Picardie ne ſeroit la

1008 3542 2952 203 derniere à ſe ietter en campagne, ſi on luy en

1012 3696 2948 206 preſtoit le loiſir, conſeillerent ſa Maieſté d'y ob¬

1016 3868 2944 188 uier par vn Edict qu’on feroit par tous les Bail¬

1012 4015 2952 221 liages, Senechauſſées & Preuoſtés deſdits pays:

1023 4180 2937 194 par lequel ſeroit mandé à tous les Gentils-hom

1016 4329 2951 222 mes s’aſſembler chacun en ſon Bailliage, &c. &

1023 4502 2944 206 là faire ſerment és mains de leur Bailli, &c. de ne

1027 4678 2940 191 porter les armes, ſinon pour le ſeruice de ſa Ma¬

1027 4832 2948 172 ieſté, & quãd ils ſeroyent mandés. A l'execution

1023 4978 2948 217 duquel voulãt proceder la Milleraye Vice-ami¬

1031 5150 2944 199 ral, & Gouuerneur au pays de Caux & circonuoi¬

1023 5308 2959 206 ſins, leur fit faire le ſerment que deſſus: & outre

1031 5465 2955 195 de vendre leurs armes, vendre cheuaux de ſerui¬

1035 5619 2940 292 ce, &eſſire domicile chez leurs parẽs Catoliques,

3735 5795 251 270 qui
