2382 3368
775 190 1387 87 tous les moyens propres à la grandeur:ne nous re¬

775 266 1396 90 ſte que le iugement Romain? à la verité plus con¬

769 345 1402 101 ſtant & arreſté que celuy du trop remuant Fran¬

775 435 1393 98 çois. Mais qui deſeſpere, qu’il ſe puiſſe vn iour ren

775 530 1393 84 contrer,com’ il a ia fait au temps de Charlemagne

780 603 1399 98 la vertu duquel nous acquit l’Empire preſque de

783 693 1396 84 coute la Chreſtienté? Pour ne parler toutesfois que

780 771 1391 96 de la langue: ie me tiens aſſeuré que ſi noſtre Prin

780 850 1388 101 ce veuſt, il verra deuant ſon dernier iour, la langue

780 934 1402 98 Françoiſe conduite à ſon periode, non moins loua

789 1018 1393 101 ble que celuy de la Latine. Qui n’a fait conoitre ſa

797 1100 1377 92 valeur, que par la hardieſſe des Auteurs, & la fa¬

783 1187 1396 112 ueur que les Princes ont porté à ſi genereux deſ¬

786 1265 202 118 ſeing.

1123 112 685 84 AVANT-DISCOVRS.
