2811 4017
428 247 306 134 Liure V.

430 365 157 117 Machne

437 540 165 107 Apocate¬

616 343 1730 101 leur nombremnous ſommes heureux ſi le Seigneur nous y a deſtinez par quelque moves

620 410 1726 87 q̃ ce ſoit. Repoſez-vous & ſoyez du tout appuyez ſur luy, lequel a nõbré tous les cheueux

618 468 1733 78 de voſtre teſte: & n’en cherra pas vn ſeul ſans ſa volõté. Vueillõs-nous ou non, il nous faur

620 517 1726 85 boire au hanap du Seigneur, s’il nous eſt preparé & ordonné de luy. Beuuez-le dõc de bon

622 580 1724 80 courage cependant qu’il eſt plein, depeur qu’en differãt, parauẽture ne beuuiez finalemẽt

609 632 1736 84 le fond & la lie auec les reprouuez. Soumettez-vous dõc ſous ſa main forte, & nul ne vous

616 687 1730 85 touchera ſans ſon cõgé. & ſi on vous touche, c’eſt pour voſtre bien & ſalut. Beniſſez Dieu

622 747 1724 76 qui vous corrige en ce monde, afin que ne ſoyez condamnez auec le monde. Il nous pour¬

618 803 1730 76 roit biẽ corriger par autre façon, que de nous faire ſouffrir perlecution pour iuſtice: mais

616 852 1728 80 il fait cela pource q̃ nous ne ſommes point du mõde. Inuoquez ſon nom par leſus Chriſt,

616 903 1732 78 demandans en ioye & lieſſe ſon ſalut & deliurance. Croyez qu’il eſt miſericordieux enuers

606 957 1739 87 vous, qu’il vous oit, & vous aide. Ie ſuis auec vous (dit-il) en tẽps d’aduerſité, & vous deliure.

613 1017 1735 76 ray:car il a ordõné certains limites q̃ le diable & le monde n’outrepaſſerõt point. Si toutes

609 1073 1737 74 choſes vous ſemblent eſtre contraires, neantmoins dites auec Iob, Encores qu’il me tue, ſi

611 1120 1737 80 auray-ie eſpoir en luy. Liſez le dixiemé Pſeaume, & priez pour moy voſtre poure frere &

613 1180 1738 80 compagnon, perſecuté pour l’Euangile de Dieu: ſon nom en ſoit loué, & ſa miſericorde me

611 1231 1735 72 face auec vous idoine de ſouffrir & endurer en bõne cõſcience pour l’amour de ſon Nom¬

611 1289 1737 67 Rien n’eſt plus certain ne plus incertain que la mort. bien-heureux ſont ceux auſquels il

611 1338 1735 76 donne de mourir pour ſa querelle. Noitre habitation n’eſt pas icy: & pourtant, ayons touſ¬

599 1389 1746 83 iours deuant nos yeux ceſte Ieruſalẽ celeſte, à laquelle il faut paruenir par affliction & ſouf¬

607 1455 1737 73 france, ſuyuans l’exemple de noſtre Sauueur leſus Chriſt: ne doutans point que comme il

605 1510 1739 65 eſt reſſuſcité immortel au troiſieme iour, auſſi ferons-nous en temps preſcrit, lors que la

596 1559 1745 77 trompette ſonnera, & les Anges feront ouir leur voix, & le fils de l’homme apparoiſtra és

607 1617 1737 70 nues en maieſté & grand’gloire: & nous ſerons eſleuez aux nuées pour venir au deuant du

605 1673 1739 74 Seigneur, & viure auecluy eternellement. Conſolez-vous par ces parolles, & priez pour

607 1725 542 69 moy au nom du Seigneur.

438 629 171 70 Pfeau.75.9

439 676 154 105 1Plet4M

425 923 181 124 Prausus

435 1046 152 107 I0b R15

1243 234 520 136 Latimer, & Ridloy.

435 1354 147 72 Heba3x4

432 1399 167 83 Hebnte,

428 1539 168 111 ICORIR

683 1774 1511 78 LE Sexhortations dernieres & paroles familieres que profera H.Latimer vn peu deuant ſa mort.

720 1834 1625 77 PRES que ce bon pere Latimer eut fait ce qui eſtoit digne d’vn vray cheualier Chre

720 1884 1625 77 ſtien, l’heure du dernier ſupplice approchãte, il admoneſta auſſi ceux qui eſtoyẽt or¬

602 1952 1740 67 donnez pour le conduire:ſpecialement ceux qui par leurs raiſons humaines taſchoyent de

605 2008 1739 69 le diuertir ou eſbranler. Puis en leur preſence ayant fait ſon oraiſon à Dieu, commẽça s’eſ¬

602 2062 1740 71 gayer, & (comme ſon naturel portoit) parler à ſoy-meſme par maniere de dialogue, pour

602 2106 1744 78 faire le procés à ſes aduerſaires: & dit en ceſte ſorte, Voirement Latimer, il te faudroit pen¬

600 2162 1744 71 ſer à ce que ces perſonnages te diſent, & te deſdire pour ſauuer ta vie. Ouy, dit-il, mais qui

600 2222 1742 63 es-tu qui me conſeilles de ce faire? Si tu n’oſes dire ton nom, ie le te diray: Tu es ce cõſeillier

596 2272 1742 71 que leſus Chriſt a nommé Satan, quand il luy vouloit perſuader d’euiter la mort. Mais eſ¬

602 2325 1740 71 coute en patience, puis ie me deſdiray. Vous tous, ſoyez exhortez auiourdhuy, qu¬

602 2385 1740 76 il n’y a qu’vn ſeul moyen de paruenir au royaume eternel, c’eſt par l’Euangile de noſtre

602 2434 1740 81 Seigneur Ieſus. Apres qu’il eut dit pluſieurs choſes des iugemens de Dieu ſur le royaume

600 2488 1742 73 d’Angleterre, il vint à dire, Ie vous ay promis de me deſdire, & partant vous m’auez auſſi

602 2548 1740 78 promis audience: ayez donc patience encore vn peu, & vous entendrez ce dequoy ie me

600 2593 1739 78 veux deſdire: & ainſi les tenãt ſuſpens, continua ſon propos, tellement qu’il fut eſcouté. A

602 2655 1740 72 la fin il leur dit, Il eſt temps que ie m’acquite de ma promeſſe, & que ie declare dequoy ie

599 2704 1739 84 me veux dedire. Eſcoutez, il m’a ſouuenu d’auoir preſché autrefois que l’Antechriſt n’vſur

600 2769 1739 74 peroit plus la tyrannie en ceroyaume, qui auoit eſté tant bien reduit à la parolle de Dieu.

599 2808 1736 87 mais le Seigneur monſtre que le plus ſouuent nous contons ſans luy, nous appuyans ſur

599 2862 1739 77 ces bras mortels, & ſur les belles apparences que nous voyons à l’œil: parquoy ie m’en deſ¬

599 2915 1732 84 dy. Or ce n’eſt pas tout: eſcoutez donc, il y a dauantage: c’eſt qu’auſſi i'ay ſouuenance d’a¬

598 2981 1739 74 uoir dit que s’il me falloit mourir, ce ſeroit à Smithfild. & maintenant ie voy que i’ay men¬

600 3037 1737 80 ti, & qu’à Oxone ie treſpaſſeray: parquoy ie vous pren tous en teſmoins que ie m’en deſdy,

598 3079 1732 85 & en paſſe reparation honnorable. A grand' peine eut-il acheué, que ceux qui là eſtoyent,

596 3146 1737 69 eſmeus de courroux meſlé & couuert de honte d’auoir eſté fruſtrez de leur attente, com¬

598 3191 1735 87 mencerent à s’eſcrier contre luy, de ſorte que ce ſainct perſonnage n’eut plus d’audience:

596 3253 1737 76 mais le dernier ſupplice fut haſté: lequel il endura auec vne conſtance admirable, ayant

596 3300 1734 85 touſiours propos de conſolation en la bouche, iuſques à ce que le tourmẽt du feu luy euſt

598 3367 1485 143 oſtétouté facuité de parler Ce fut le xvr d'Odtobre de ceſteannée x.p.1v.

606 1951 114 27 A

425 2259 171 134 Mecxes

425 2661 174 134 Laincte

424 2767 154 49 deſdit d’a¬

424 2805 165 55 uoir preſchi

422 2805 177 97 que lepel

425 2875 174 67 pauté ne re¬

421 2919 143 58 uiendroit

426 2934 178 78 plus en an¬

421 2999 146 103 sletere.

2136 3394 197 89 NICO¬
