4096 5888
886 206 805 229 NEVFIEME.

2607 284 180 206 290

71 448 2533 147 n’oſans paſſer outre, & reprochans la bonté des eſperons

71 565 2539 161 aux Proteſtans, tirerent de leur maſſe quelque dix ou

71 690 2533 150 douze harquebuziers, qui endommagerent quelques che¬

71 798 2533 153 uaux: neantmoins les Proteſtans tindrent touſiours fer¬

71 915 2533 148 me, y eſtant ſuruenu le Comte Ludouic, & Teligny, &

78 1030 2519 157 quelques Caualliers qui là pres auoyent le Corps de gar¬

78 1144 2519 154 de. Et d’autant que bien toſt apres ſuruindrent deux Cor¬

71 1256 2526 144 netres, force fut aux Catholiques ſe retirer, & aux autres

75 1380 2516 144 auſſi:leſquels auoir fait leur certain rapport à l’Amiral,

71 1498 2523 150 (ſur l’aduis de quelques priſonniers, & païſans, chez leſ¬

71 1606 2516 153 quels les Catholiques auoyent logé) de la deuotion en

65 1717 2519 147 laquelle Monſieur, & toute ſon ariee eſtoit pour le ve¬

65 1835 2522 140 nit trouuer ſelon la reſolution prinſe:commenca de choi¬

68 1952 2516 151 ſir le champ de bataille, plus auantageux qu’il pourroit, &

65 2067 2512 154 de diſpoſer toutes ſes troupes, comme le lieu luy en pte¬

65 2185 2522 140 ſtoit la commodité. Soudain tous les Capitaines furent

68 2302 2290 141 mandez pour en diligence y conduire leurs troupes.

186 2423 2401 141 O* pour mieux, & plus claitement particularizer

62 2528 2493 154 tout ce qui s’eſt fait & paſſé en vne ſi notable iournee: i’ay

62 2649 2493 147 bien voulu premier que d’entrer plus auant, vous repre¬

62 2767 2513 134 ſenter comme peinte en vn tableau : l’aſſiette & eſtendue

58 2868 2514 161 de la plaine, qui depuis ſe vit enſanglantee de la mort de

58 2989 2493 157 tant de creatures. Ceſte campagne s’eſlongnoit de Mon¬

58 3107 2512 157 coutour de demye lieuë Françoiſe, & de deux d’Eruaux,

58 3218 2503 143 fort vnie en la pluſpart de ſes endroits, & couuerte d’vne

58 3333 2503 154 terre aſſez deliee, u’ayant les ſillons gueres plus faſcheux,

65 3451 2503 153 que celle de Saint Cler. A droit de l’armee Catholique

58 3565 2510 154 elle auoit la Diue, riuiere laquelle deſcend des coſtaux &

62 3680 2502 140 viues ſources de la Grimaudiere, dont elle embellit & ar¬

62 3804 2509 144 rouſe les prairies, qui fermoyent le derriere de l’armee.

58 3912 2506 153 Et de là toute courbee, embraſſant la campagne, ſur la¬

68 4026 2493 161 quelle les deux armees ſe campoyẽt, & ſe diuiſant en plu¬

58 4144 2510 131 ſieurs endroits pres Moncoutour, en fin ſe reioint à vn ca¬

58 4258 2510 148 nal, pout paſſer deuant la ville, (qui eſt aſſiſe ſur le pendãt

58 4373 2510 144 de la mõtagne, ſur la croupe de laqlle elle a ſon chaſteau

55 4487 2503 141 aſſis) & coulant outre, porte la commodité de ſes eaux à

58 4599 2500 157 ceux qui habitent le plus haut pays de Poitou. Ceſte plai¬

62 4723 2480 193 ne, en aucuns endroits eſt chargee de quelques collines,

1868 4873 196 138 O 11

2597 2544 373 200 Repreſen¬

2574 2695 399 124 tation de

2576 2773 397 119 lapſaine de

2572 2868 401 147 Cron, où

2584 2970 389 140 fut donnee

2587 3065 383 127 la bataille

2566 3146 398 112 ures Mlon¬

2562 3251 316 111 coutour.
