4096 6658
654 547 1899 203 DE NOSTRE TEMPS. LIV. XI.

3089 473 163 200 843

2878 606 555 185 CHARLES 9.

318 702 2786 189 qu'ils n'auroiẽt point de ſecours d’Angleterre, & le diſoit ſçauoir par vne lettre de Lan¬

321 835 2772 141 guillier qui auoit eſté ſurpriſe. Parce, qu’il n’accorderoit autre choſe que ce qui eſtoit

321 928 2772 148 contenu és articles du Roy apportez par l'Abbé de Gadaigne. Qu’il auoit fait entendre

321 1009 2773 167 les meſmes choſes, & offert pareille cõdition à ceux de Montauban, qui auoient trouué

318 1109 2760 159 le tout aduantageux pour eux. Et eſtimoit que dés ceſte heure ils ſ'eſtoient renduz. Ce¬

318 1209 2780 148 pendant pluſieurs de la ville ſortoient pour communiquer à ceux du camp, & ſ'embraſ¬

318 1302 2767 151 ſoient vns & autres à la ſoldade, comme ſi tous euſſent eſté d’vn meſme party. Le lende¬

318 1390 2764 148 main ceux du camp pourſuyuirent leur batterie contre le clocher de Congnes, la tour

321 1494 2773 152 d'Aix, & quelques autres defenſes: tellement qu’vne partie du clocher tomba par la vio¬

314 1586 2765 148 lence de cinq cens canonnades, enſemble deux couleurines baſtardes qui eſtoient deſ¬

318 1682 2776 148 lus, & furẽt fort endommagees. Les aſſiegez auſſi tiroient en tous les endroits, auſquels

318 1775 2756 152 Ils penſoient plus les incommoder. Le Conſeil de la ville voulut en auoir l’aduis des

318 1875 2754 148 Miniſtres touchant la paix, à laquelle ils contredirent plus animeuſement que para¬

336 1967 2760 152 uant, & de faict l’empeſcherent pour ce coup. En ce temps ſon Excellence voyãt que les

314 2060 2768 148 affaires ſe pourroiẽt acheminer à vne paix, & curieux d’y cõprẽdre auec la Rochelle, les

318 2156 2767 152 auttes places qui tenoiẽt à meſme fin, eſcriuit à ceux de Mõtauban, & à la Nobleſſe qui

310 2248 2768 148 l'y eſtoit retiree: leur faiſant entẽdre ſur tout la bõne volõté qu’il leur portoit, voire par¬

314 2345 2764 148 uculiere à tous autres,pour eſtre ſa ville & ſon pays de ſon Comté de Quercy, qu’il vou¬

314 2437 2760 144 droit fauoriſer ſur tous. Sur ce les ſolicitoit de dreſſer Articles, qu’il promettoit faire ac¬

318 2533 2760 141 corder par le Roy ſon frere. Les prioit auſſi de ne faire courſes ny actes d’hoſtilité cõtre

318 2626 2756 144 les troupes de l’Admiral, q̃ la Valette cõduiſoit pour lors: & qu’il dõneroit ordre qu'el¬

314 2722 2760 148 les ſe cõtiendroient ſans les incõmoder en rien. Sur quoy les Mõtalbanois enuoyerent

318 2818 2756 144 des Moulins vers ſon Excellence, pour ſonder ſ'il y auoit moyẽ de tirer vne bonne paix

314 2903 2755 159 de ſa Majeſté. Sur ce, Biron eſcriuit à la Nouë ce meſme iour, qu’il eſloit venu vn hõme

329 3007 2740 148 expres de Montauban vers Mõſieur, pour luy requerir aſſeurãce de leurs perſonnes, de

318 3103 2753 148 ieurs biẽs & liberté en leurs maiſons: & que celà fait, ils quitteroiẽt les armes, ſinõ qu’ils

318 3210 2753 133 anroiẽt les porter pour le ſeruice du Roy & comandement de Moleigneur. Que leldits

314 3292 2764 144 de Montauban, ſe plaignoiẽt grandemẽt dequoy l’on ne leur auoit fait entendre bien au

318 3388 2760 148 ong la volonté du Roy. Et q̃ ſi on leur euſt repreſenté ſa clemence, lõg tẽps a qu’ils euſ¬

314 3484 2764 140 ent prins le chemin qu’ils prennent de preſent. Qu’il voudroit bien que ceux là ne mõ¬

318 3576 2756 145 ttaſſent le chemin à ceux de la Rochelle:mais que les Rochelois ſe miſſent les premiers

310 3669 2758 148 en deuoir. Le 4. Mars le parlement fut cõmencé dés le matin, où ſe trouuerent du camp

314 3765 2755 152 (Cõte de Rets, Biron, Villequier & Gadaigne? de la ville, la Nouë, Lieutenant, Moriſ¬

314 3861 2749 141 on, & Detambé. Au cõmencement de ce parlement auoit eſté accordé, que tout ce iour

307 3954 2764 148 on ne tireroit ny ne rempareroit d'vne part ny d’autre. A ceſte cauſe ceux du cãp ſe pour¬

307 4050 2764 148 menoiẽt à pied & à cheual en grãd nõbre, à la veuë des murailles. Cõme auſſi ceux de la

310 4142 2757 148 ille, tant hõmes que femmes, regardoient en toute aſſeurãce par deſſus les murs. Tou¬

307 4235 2764 151 tesfois ceux de la ville ne laiſſerent de faire trauailler vers la tour d’Aix, & en vn endroit

307 4335 2767 148 quils ne pouuoiẽt eſtre veuz de ceux du camp. Sur quoy ce parlemẽt fut remis au Ven¬

303 4431 2771 148 diedy ſuyuant, auquel les deputez n’auancerent: tout au rebours, le Comte de Rets ſe

299 4523 2763 156 reurant du parlement au quartier, fut blecé d’vne harquebuzade aux reims. Au5. Mars

303 4619 2745 141 ſeantmoins le Cõſeil fut aſſemblé en la ville, auquel furent appellez ſix Miniſtres, pour

473 4712 2590 133 rquelle reſolution on deuoit prẽdre ſur le traitté de la paix: où l’on remõſtra qu’il

299 4801 2768 155 Aloit regarder iuſques où l’on pourroit ſe reſtraindre touchant l’Edict de pacification

296 4901 2778 151 quec les autres Egliſes. Mais que ſi on ne le pouuoit obtenir, d’autãt que l’ennemy n’en

296 4997 2775 144 couloit ouyr parler, l’on deuoit requerir pour les autres, les meſmes cõditions & ſeure¬

296 5093 2771 148 ez qu’on pourroit impetrer pour ſoy: & ne laiſſer pour celà de pourſuyure & parache¬

310 5189 2746 141 et l’accord tant neceſſaire. Mais les Miniſtres continüans leurs precedens aduis, diſſua¬

296 5282 2782 151 derent la paix, & tous abouchemẽs:tellement que par leurs pourſuittes le Cõſeil arreſta

292 5378 2790 148 qu’on n'enuoyeroit plus de deputez, ains la reſponſe ſe feroit par vn tambour. Le tout

310 5474 2761 188 Pporté au peuple en vne aſſemblee faite à ceſte fin, tous embouchez parles Miniſtres,

2549 5570 222 166 BB ij

3105 1028 324 148 Montaebοn.

3096 1176 330 126 Parlement ſur

3093 1233 222 128 la irefue.

3089 1457 285 122 La teur de

3076 1538 339 108 Cengnes tõl ce,

3087 1620 291 88 & les deux

3067 1686 296 115 couſeurines.

3074 1819 311 111 Les Miniſtres

3075 1901 277 111 refuſent la

3056 1971 148 144 pax.

3072 2951 332 111 Lettres de Birs̃

3072 3015 239 129 à la Neue.

3079 3706 317 103 Parlement cõ¬

3079 3767 313 124 tingé pour la

3082 3843 122 162 pair.

3072 4512 295 134 Le Comte de

3082 4612 310 122 Rersbleſſé aux

3067 4675 137 222 ran¬
