4096 6140
890 313 1403 161 QVATORZIEME.

143 460 2690 181 & filles, brigandages, & autret aſſaſſinatz, n’ayent eſté

143 607 2676 150 commis au beau millieu, & preſque par tous les can¬

143 719 2669 150 tons d’iceluy: choſe qui nous donne bien à cognoiſtre

143 842 2662 143 que le Seigneur des armees, & le grand Dieu des ba¬

136 968 2673 150 tailles eſt grandement coutroucé contre, & ſemble ne¬

133 1091 2676 154 antmoins pour quelque fleau qu’il face tomber ſur noz

139 1217 2663 154 teſtes, que cela ne ſerue qu’à nous faire encor eſleuer

136 1333 2673 161 dauantage les vns à l’encontre des autres, tout ainſi que

133 1456 2669 160 ſi nous auious iuré & conſpiré la ruine totale du pro¬

133 1620 2669 119 chain, qui peut donner à cognomtre à la porterite cho¬

136 1705 2662 143 ſes encores plus eſtranges auenir, ſi iceluy meſme Sei¬

143 1831 2666 147 gneur ne retire ſa main vengereſſe de deſſus noſtre teſte.

143 1954 2645 157 C’eſt pourquoy ie n’ay deliberé tenit ici long propos,

133 2073 2665 157 ains entrer bien toſt en cauſe: d’autant que ce liure ne

136 2200 2669 143 tend qu’à vous remettre deuant les yeux les choſes qui

133 2319 2669 157 ſe ſont paſſees pour le fait des guerres ciuiles, tant en

129 2442 2666 153 France qu’autres pays circonuoiſins, depuis la publica¬

126 2565 2662 153 tion de l’Edit fait en l’an mil cinq cents ſeptante, iuſ¬

133 2681 774 163 ques à preſent.

256 2803 2539 161 Apres donc pluſieurs ruines de peupies, vne infinité

126 2926 2662 154 de capitaines gentilshommes & ſoldatz, tant de la part

126 3052 2659 161 des Proteſtans que des Catholiques, perdus & deſtruits.

126 3175 2652 154 L’Edit contenant la pacification des troiſiemes trou¬

129 3295 2642 153 bles de ce Royaume, fut finalement conclu & arreſté,

122 3421 2656 147 ſelon la forme & teneur cy deuant mentionnee: auec

129 3540 2639 154 des ſolennitez bien remarquables. Car le Roy iure ſo¬

126 3666 2628 161 Iennellement en plein Conſeil, de le garder, & faire

133 3786 2618 157 garder & entretenir de poinct en poinct. La Royne me¬

126 3905 2636 161 re, & meſſieurs ſes freres pareillement: tous les officiers

129 4031 2629 151 de ſa couronne, les Conſeillers du priué Conſeil, les

129 4154 2615 137 Cours de Parlement, le grand Conſeil: Les Gouuer¬

126 4263 2621 168 neurs des Prouinces: les Preuoſt, & Eſcheuins de la vil¬

122 4396 2642 161 le de Paris: bref, toutes perſonnes qui auoyent quelque

122 4523 2642 150 part d’autorité publique au Royaume de France, com¬

122 4642 2639 157 me Baillyz, Seneſchaux, Maires, Eſcheuins, Capitouls

119 4765 2638 153 & autres gouuerneurs de villes, tous iurerent de garder,

112 4881 2652 160 faite garder, & enttetenir ledit Edit. En meſme temps

112 5004 2632 225 les Princes d’Alemaigne, & la Royne d’Angleterre en¬

2054 5157 263 167 A 114

2850 3489 348 201 Promeſe

2792 3663 396 123 tãt du Roy

2785 3759 413 129 que des au

2768 3847 423 109 tres de ſa

2766 3929 425 137 ſuitede gar

2763 4050 428 119 lder & fai¬

2792 4154 392 106 re garder

2802 4236 334 140 Edit de

2785 4321 242 174 Paix.
