4096 5996
1043 339 896 160 M.CCCCXXXIII.

1559 466 2377 166 d’apointer & recõcilier à l'Egliſe Catholique ce Roy¬

1563 602 2366 160 aume de Boëme, enuoyant iuſques en Eger de Voit¬

1563 712 2373 167 lantd preſenter ſauf-conduit aux Huſſites, duquel fu¬

1563 832 2363 160 rent pleges l’Empereur & le Duc de Bauiere. Venuz,

1559 949 2380 153 on les ouït amiablement par 5o. iours, depuis le 16. de

1559 1052 2377 170 Ianuier, iuſques au 6.de Mars:puis les peres deputerẽt

1549 1169 2383 170 10. Embaſſadeurs pour les reconduire en Boëme, & la

1549 1285 2387 174 moyenner quelque pacification, entre leſquels eſtoiet

1546 1402 2383 156 Philbert Eueſque de Couſtance en Normãdie, & Mar¬

1549 1512 2370 160 tin Bernier, doyen de Tours, bachelier en Theologie.

1549 1632 2380 163 Les plus grands Princes de la Chreſtienté y enuoierẽt

1539 1738 2383 177 les leurs quand & quand pour le zele qu’ils auoient à

1539 1858 2383 147 la reduicton des deſuoiez, & à l’vnion de la ſocieté

1533 1972 2379 166 Chreſtienne. Ces Embaſſadeurs auoient ietté quel¬

1533 2101 2376 154 que fondement de paix en Boëme, ſi bien qu’ils reme¬

1523 2211 2383 147 noyent auec eux les deputez du païs pour acheuer l’e¬

1526 2318 2380 167 difice auec les peres aſſemblez à Baſle: dont les Tabo¬

1519 2435 2390 163 rites & Orphelins, gens cruels, tumultueux, & habi¬

1519 2551 2390 167 tuez au brigandage faſchez, renouuolerent le trou¬

1513 2654 226 144 ble.

2662 336 464 166 LIVRE

1036 2741 503 190 Piſten ville

969 2891 496 160 Catholique

966 3034 360 153 aßiegee.

1659 2774 2243 164 Piſlen, eſt bonne ville de Boëme, au bord du fleu¬

1498 2894 2408 177 ue Vatta, laquelle par ſinguliere pieté auoit touſiours

1503 3011 2396 166 conſtamment adheré à l’Egliſe Catholique, & preſté

1503 3124 2396 153 ſeur refuge aux fidelles perſecutez. A ceſte cauſe, les

1499 3237 2397 170 heretiques luy portoient haine irreconciliable, ſi gnã¬

1496 3351 2400 176 ment les Taborites, & Orphelins, treſ-aſpres ennemis

1496 3467 2390 170 du Catholiſme, leſquels ne iugeoient meilleur expe¬

1489 3590 2403 167 dient pour aigrir derechef les choſes que racler ceſte

1486 3700 2400 174 place. Ils l’aſſiegent donc à outrance, & d’auantage

1486 3814 2386 176 pratiquent les Praguenards, & autres communautez,

1473 3930 2403 167 de maniere que Piſlẽ ſoutint preſque vn an entier tou¬

1466 4060 2413 157 te la charge des heretiques. Or en ce Royaume de Boë

1463 4160 2409 170 me bigarré de pluſieurs religions, les Taborites & Or¬

1466 4273 2406 170 phelins, eſtoient haïs & redoutez de tous à cauſe de

1463 4387 2406 166 Procope le Raz leur colonnel, homme vaillant, & fier

1459 4503 2407 173 au poſſible. Sa tyrannie le rendoit odieux aux barons

1459 4620 2407 166 & gentils hommes, voire à ceux meſmes qui auoient

1456 4733 2400 177 eſpouſé la querelle de Hus contre l’Egliſe. Car il con¬

1456 4860 2396 163 uient ſçauoir comment de ceſte hydre de Hus naſqui¬

1459 4970 2400 176 rent diuerſes teſtes, dont celles qui ſ’arrogerent nom

3302 5109 550 187 particulier,
