4096 5636
823 93 601 345 M.D. ExUuI.

2307 194 401 106 LIVRE

1355 256 2496 179 inſtitué Seneſchal de la Rochelle depuis ceſte bataille,

1365 407 2499 156 en laquelle fut prins Iean de Hardane parauant Seneſ¬

1365 538 2499 144 chal. Il fallut donc ſe taire, ce cullertons, larquena ce

1377 648 2490 150 que Iean d’Eureux (requis par ceux de Poitiers de les

1371 767 2471 156 ſecourir contre les François qui les venoient aſſieger)

1377 889 2496 144 fut parcy de la ville auec cinquante lances: laiſſant au

1377 998 2496 151 chaſteau, Philippe Mancel eſcuyer, & quelques cent

1380 1114 2490 163 ſoldats, pour l’aſſeurance de la fortereſſe, & tenir en

1387 1233 877 144 bride les habitans.

1565 1352 2305 141 Iean Candorier ( aucuns le nomment Cordier )

1399 1471 2484 150 bourgeois de la ville, en eſtoit lors Maire, lequel ma¬

1393 1590 2496 157 nia ſi bien ſes partiſans François, qu’ils ſ’accorderent

1402 1709 2481 132 de faire vn beau feſtin aux plus gros de la ville, qu’vns

1402 1828 2487 147 qu’autres, & que le Chaſtelain Mancel y ſeroit inuité :

1399 1947 2477 147 auquel (comme par mandement expres de leur Roy)

1396 2069 2493 135 il preſenteroit ſur la fin vne grande Chartre, ſignée &

1396 2179 2493 147 ſéellée du ſéel Royal venant d’Angleterre, par laquelle

1399 2301 2490 153 il ſeroit commandé, & au Maire & au Chaſtelain de

1402 2420 2487 131 faire vne reueuë generale de tous leurs gens: à fin de

1402 2539 2484 147 cognoiſtre mieux ceux qui ſeroient plus duits & ſuffi¬

1402 2652 2490 153 ſans à porter armes, à vne faction en laquelle on les

1412 2767 2461 141 vouloit employer. Le Chaſtelain qui ne ſçauoit lire,

1406 2893 2492 147 mais cognoiſſoit ſeulement le grand ſéel Royal qu’il

1418 3012 2480 150 voyoit pendu à ceſte commiſſion, creut ce que le Maire

1415 3127 2483 157 luy liſoit à ſa poſte, & diſt que le lendemain il feroir

1409 3253 1396 122 ſortir tous les ſiens en la place.

1572 3350 2317 159 Ce pendant le Maire auoit mis bon nombre de ſol¬

1415 3481 2474 151 dats en embuſcade entre quelques vieilles murailles,

1415 3607 2480 128 qui eſtoient derriere le chaſteau: auec charge de ſe ſai¬

1406 3722 2489 144 ſir du pont & chaſteau quand les Anglois ſeroient ſor¬

1409 3835 2489 157 tis. Ce qui fut fait, ſi bien que les Anglois ſe voians ſur¬

1406 3960 2495 154 prins voulans charger ceux qui ſ'eſtoient emparez de

1409 4082 2489 138 l’entrée, ſe virent preſſez par les partiſans François, que

1406 4186 2480 153 le Maire faiſoit venir file à file, pour ſouſtenir l’embuſ¬

1409 4314 2495 154 cade. La principale tour reſtoit encor, defenduë par dix

1415 4439 2471 141 ou douze compagnons, que les Anglois ſortans y a¬

1409 4549 2483 138 noient laiſſez. Mais le Maire aiant menacé Mancel, &

1415 4668 2486 153 tous les ſiens d’vne mort prochaine, ſ'il ne luy faiſoit

1415 4796 2471 138 rendre la place: fut appointé que tous ſortiroient, vies,

1421 4918 2471 179 & bagues ſauues, & ſeroient menez ſur mer iuſques à

3322 5025 564 166 Bourdeaux.
