4096 6199
971 385 940 190 DV LIVRE.

303 551 2401 196 les zones des Tropiques. Si on croit que la

303 723 2397 186 mer ſoit en tous lieux froids &chauds, peu¬

306 895 2398 189 plee de poiſſons, pourquoy non la terre?

306 1057 2398 186 Bien que le viure ſoit plus commode ſous

306 1222 2394 189 la zone torride: pour eſtre le chaud plus

306 1394 2401 176 amy de la nature que le froid. Ainſi la ter¬

306 1560 2401 182 re ne ſera deſpeuplee, que par faute d’eau

313 1718 2401 176 & de viande. Ioinct que l’homme, eſtant

313 1918 2398 151 fait de terre (cohine tous r’ayens, ruiis, cc

320 2049 2394 182 Chreſtiens confeſſent ) il peult viure ſur

316 2221 2395 182 quelque cartier de la terre qu’il voudra:at¬

320 2390 2398 165 tendu meſmement que Dieu commanda

316 2551 2395 180 ſans diſtinction de lieux à noz premiers

323 2710 2391 189 parẽs Adam & Eue de croiſtre, multiplier

327 2879 2397 172 & remplir le monde. Ce qu’il n’euſt fait

330 3047 2391 162 ce ſemble, ſ'il euſt veu le monde inhabita¬

334 3206 2426 200 ble en la plus part de ſes parties. Plutarque

334 3378 2390 179 meſme dit que Pythagore eſtimoit la zo¬

334 3543 2390 162 ne bruſlee habitable & temperee: comme

337 3691 2387 197 celle qui eſt au milieu de la zone d’Eſté &

341 3846 1023 186 de celle d’Hiuer.

530 4019 2216 189 Pour venir à la forme de la terre, ie me

344 4187 2329 190 tairay de l’opinion d’aucuns Philoſophes

344 4349 2360 196 meſmement de Philolaus Pythagorien,

347 4525 2377 186 qui maintenoit qu’il y auoit trois terres, &

354 4680 2367 193 que le milieu du mõde eſtoit feu comme

354 4838 2377 193 le foyer de l’vniuers, la ſeconde la contre¬

361 5014 2367 234 terre, la troiſieſme celle que nous habi¬
