4096 5684
1105 432 960 202 Odtobre, M.D. LXIX.

2314 442 547 189 LIVRE

1493 577 2299 187 pour paſſer des premiers, & ſe rafraiſchir à leur aiſe: mais

1474 707 2287 155 ils furent ſur prins la nuict dans vne maiſon où ils eſtoy¬

1471 811 2290 167 ent couchez à plaiſir, & menez priſonniers par les Ca¬

1471 912 2283 158 tholiques. Entri-autres Quintel Dauphinois, Mormoi¬

1471 1019 2290 158 ron, du Contad Veneſin, (qui ſeruoit de guide) le Merle

1471 1127 2283 145 medecin, & trois autres: Sarraz Gentilhomme du haut

1477 1218 2268 161 Viuarez auoit eſté prins: mais il fut eſlargi. Les outrepaſ¬

1462 1326 2286 161 ſez eurent ſoudain l’alarme de ceſte deffaite: qui fut cauſe

1468 1439 2283 152 qu’ils ſe ſerrerent, & ſe mirent en ordonnance. Puis ayãt

1462 1550 2283 139 attendu quelque temps, pour receuoir ceux qui pour¬

1462 1645 2280 151 royent eſchapper, tirerent vers Acier, où ils ſe rendirent

1462 1746 2280 148 le l’endemain, & de là ſans aucun empeſchement à Oril¬

1459 1847 2280 158 lac en Auuergne, où Verbelet demeura Gouuerneur. Les

1477 1957 2258 149 troupes de Monbrum, & Mirabel furent logees en Ar¬

1477 2062 2268 148 paion, à vne lieuë de la ville, pour ſe rafraiſchir. Monbrum

1477 2166 2258 151 cependant tombe malade d’vne fieure continue: occaſion

1455 2267 2274 158 qu’il conſeilla à Mirabel de ne retarder ſon voyage: le¬

1459 2377 2273 146 quel ſe mit en chemin le vingtquatrieme du mois, auec

1455 2482 2274 151 bien quatre cents cheuaux, pour venir en Languedoc a¬

1443 2595 2286 136 uec Fourques: qui peu de iours auparauant eſtant accom

1446 2684 2277 158 pagné bien de ſoixante cheuaux s’eſtoit rendu à Orillac,

1440 2788 2283 155 deliberé de tenir le chemin de Mirabel. Leur departie

1436 2892 2290 155 neantmoins fut ſi ſecretement conduite, que les Cat ho¬

1436 2996 2287 158 liques qui eſtoyent autour d’Orillac en furent prompte¬

1440 3104 2277 151 ment auertis: & commanderent aux villageois de ſonner

1436 3198 2277 168 le Tocſaint, pour donner auertiſſement de l’endroit où

1436 3312 2274 155 ils paſſeroyent: afin d’auoir meilleur moyen de leur cou¬

1433 3413 2280 155 rir ſus, & les deffaire. Ce que les payſans firent: à meſure

1436 3527 2268 148 que ces troupes deſcendoyent d’vne montagne, à deux

1442 3618 2262 158 lieuës d’Orillac: le Tocſaint entendu par la garnifon de

1428 3726 2273 154 Rolliac, (qui auoit veu paſſer pres d’eux ceſte troupe, à

1428 3833 2270 148 la file & mal ordonnee, eſtoy ent ſortis pour leur faire v¬

1428 3940 2266 149 ne charge) ſe haſterent dauantage: & trauerſant la mon¬

1427 4045 2267 129 tagne par vn ſentier deſtourné, vont donner dedans au

1423 4143 2265 154 village où ſonnoit le Tocſaint. Et donnerent deſſus ſi à

1423 4253 2262 145 propos, qu’auant que d’eſtre recognus, ils en tuerent vn

1418 4357 2267 145 nombre & ſe retirerẽt auec quelques priſonniers. Neãt¬

1395 4465 2284 151 moins les troupes monterent iuſques au deſſus du villa¬

1414 4562 2268 143 ge: & eſtans rangez en bataille, deſcouurent comme de

1421 4673 2254 177 tous coſtez accpuroyent gens, par les cimes des monta¬

3420 4796 230 183 gnes

1064 1964 406 142 Monbrum

1064 2088 406 119 demeure

1061 2169 410 142 malade à

1061 2286 325 173 Orillac.

1035 3618 407 146 Mirabel

1035 3726 393 145 eſt empeſ

1032 3833 396 126 ché par les

1029 3940 385 146 coramunes

1042 4045 372 124 & garni¬

1023 4145 391 143 ſon, de fai

1020 4253 394 136 re ſonvoya

1020 4357 394 142 ge en Lã

1029 4465 301 151 guedos.
