4096 6008
2032 497 1166 153 PREMIER LIVRE

1478 610 2267 194 mil cinq cens trente huict, ſe r’aſſemblerent à

1475 774 2270 173 Rome pour mieux fonder vn aſſeuré eſtabliſſe¬

1475 914 2267 167 ment de leur ſocieté: faiſans vœu de pauureté,

1472 1048 2276 150 chaſteté & d’obedience. Or comme ſur ces en¬

1475 1184 2267 167 trefaictes, Iean troiſieſme Roy de Portugal,

1468 1318 2280 173 fuſt conſeillé de peupler la foy Chreſtienne és

1475 1458 2277 160 Indes, & qu’il euſt mandé à Iaques Gouean

1482 1588 2270 174 principal de ſaincte Barbe, que ſ’il cognoiſſoit

1482 1738 2266 157 quelques gens de bien pour euuoyer aux Indes

1472 1859 2273 157 qu’il l'en aduertiſt, l’aſſeura de ceux de Rome:

1478 1999 2277 177 Ce qui luy fit enuoyer au Pape pour Ambaſſa¬

1475 2132 2280 167 deur Pierre Maſcaregne, qui ſ'addreſſa à Igna¬

1472 2269 2280 170 ce, luy donnant les lettres du Roy: lequel tou¬

1475 2406 2277 164 tesfois ne luy donna que François Xauier Na¬

1472 2543 2286 167 uarrois, & Simon Roderic Portugais, leſquels

1472 2683 2286 157 allerent à Liſbonne mil cinq cens quarante: où

1475 2820 2283 160 depuis furent nommez Apoſtres. Ignace cepen¬

1478 2950 2280 167 dant demande par le Cardinal Gaſpard Conta¬

1465 3084 2297 166 rin, permiſſion d’amplifier la compagnie: affin

1478 3220 2277 164 que mourant ils laiſſaſſent des ſucceſſeurs, puis

1475 3374 2280 150 la confirmation par eſcrit. Surquoy l’vn des

1482 3494 2280 167 trois Cardinaux deputez pout y auiſer, trouua

1478 3631 2287 164 tant de raiſons pour empeſcher la creuë de ſi

1472 3758 2293 180 diuerſes religions, qu’il fut long temps reculé

1472 3901 2290 157 de ſon eſpoir. En fin toutesfois il obtint le

1472 4042 2283 176 xxvij. Septembre, mil cinq cens quarante,

1472 4182 2286 167 pourueu que le nombre qu’ils receuroient ne

1472 4305 2286 177 montaſt plus de ſoixante en tout: & qu’il fuſ¬

1475 4442 2280 174 ſent bien eſprouuez deuant la confirmation.

1478 4576 2284 180 Sur ce le ſeptieſme Auril, Xauier ſ'embarqua à

1482 4726 2283 163 Liſbonne pour les Indes, demeurant Roderic

1478 4853 2280 213 en Portugal pour dreſſer vn College de leur
