1233 2107
174 110 573 52 DES CHRONIQVES

761 113 98 34 607

50 181 816 33 ſouueaux faoitans ce pais comenca a eſtte appene

52 190 812 64 Normandie, au lieu qu’auparauant on le nõmoit Neu¬

50 228 817 64 ſtrie. Rollon aiant eſté baptiſé & nommé Robert, Char

51 268 816 59 les le Simple (aucuns diſent Charles le Gros) lui donna

52 306 814 58 ſa fille. Dece Robert deſcẽdirẽt de longue ſuite les ducs

52 345 815 60 de Normandie, l’vn deſquels, à ſauoir Richard ſecond,

53 383 814 64 conquit la Pouille, Sicile, & Calabre, aiant chaſſe le de¬

53 426 792 59 meurant des Grecs & ruiné les Saraſins qui y eſtoient.

90 463 781 62 OR dautant que Charles le Gros eſtoit ainſi mal¬

57 498 813 66 heureux en guerre, & auoit accordé auec ſes ennemis

53 554 818 52 au grand deſauantage de ſon roiaume, il fut hay & meſ¬

56 579 816 62 priſe de ſes ſubiets: & finalement à cauſe de ſes mala¬

55 618 817 60 dies, & que ſon eſprit ſe portoit auſſi mal que le corps

53 659 819 57 on le fit renoncer à l’Empire. Arnoul fils de Carloman

53 696 820 57 fut mis en ſon lieu: & Charles aiant obtenu par le moi¬

57 735 818 63 en de ſon baſtard nommé Bernard quelque penſion de

57 776 818 57 l’Empereur pour le reſte de ſa vie, mourut toſt apres

57 811 817 61 en vn perit village de Suaube, le trezieſme iour de lan¬

57 850 818 66 uier, l’an de Chriſt huit cens huitãte huit, & l’an du mõ

57 894 820 63 de quatre mil huit cens cinquante, aiant eſté Empereur

56 929 822 65 ſept’ans, ou dix ans ce dient aucuns. Il fut enterié ſans

56 971 822 61 aucune põpe en vn lieu pres de Cõſtance. Sa femme s’ap

59 1005 822 68 pelloit Richarde fille du Roy d’Eſcoſſe: laquelle il re¬

59 1049 820 63 pudia pour vn ſoupçon qu’elle auoit commis adultere.

99 1085 783 64 TELLE fut la fin de l’Empereur Charles le Gros, qui

62 1124 819 62 n’eſtoit ſot ni eſtourdi, mai il fut malheureux ſur la fin.

59 1163 823 62 Car il a uoit prins poſſeſſion de tous les païs de ſes pre¬

58 1203 826 63 deceſſeurs ſans effuſion de ſang: & au commẽcement de

59 1243 825 59 ſon regne auoit fait pluſieurs belles choſes & obtenu

59 1287 825 55 de grandes victoires: mais l’eſtat incõſtant des afaires du

59 1320 827 61 monde venãt à ſe changer tout ſoudain en ſon endroit

60 1356 826 65 l’expoſa à la haine de ſon peuple, & le precipita du haut

60 1399 826 60 de l’Empire en bas: puis l’aiant deſpouïllé de tous hon¬

60 1435 825 60 ueurs & moiens le contraignit de paſſer le reſte de ſes

60 1473 828 62 iours en extreme pauurete. LES grands princes doi¬

62 1515 826 57 u ent prendre ceſt exemple pour vn beau miroir de leur

60 1553 828 64 vie, & apprẽdre par icelui qu’il y a vn Dieu lequel a ſoin

60 1591 833 61 des choſes humaines & maintiẽt les Empires, qui ne peu

62 1630 831 61 uẽt demeurer debout, ni eſtre gouuernez heureuſemẽt

60 1668 832 91 ni pour le bien & proſperité des grands & des petis
