4096 6169
630 174 1693 261 & Republique, liure I.

2676 212 148 219 23

250 411 2577 209 lequel ſur toutes choſes luy recõmandoit ſõ Egliſe,

257 572 2584 171 I’ayant ſi cheremẽt racheptee par ſon ſang tant pre¬

250 702 2594 185 cieux: & monſtreroit auſſi à ſes ſubiects vne miſe¬

253 846 2591 189 ricorde & grace ſinguliere, leur permettant d’inuo¬

257 987 2591 178 quer Dieu, & l’honorer purement: & eux de leur co¬

250 1120 2598 168 ſté ſeroyent en tout temps preſts de le recognoiſtre

253 1257 2598 179 en ſon endroict, & demourer ſes anciens amis & ſer

263 1394 2581 179 uiteurs. Ceſte lettre eſtoit ſignee par le Comte Pa¬

260 1528 2584 185 latin, le Duc de Saxe, le Marquis de Brandebourg E¬

263 1672 2585 171 lecteurs, le Comte Vvolfgang Comte de Vveldẽtz,

267 1809 2593 182 & le Duc de Vvittemberg. Le Roy pour toute re¬

263 1946 2606 182 ſponſe dict aux Ambaſſadeurs, qu’ils eſtoyent les

270 2087 2571 168 tresbien venus: & quant à leur charge, il enuoyeroit

274 2220 2567 179 en bref vn gentilhomme vers les Electeurs & Prin¬

277 2357 2581 162 ces, pour leur faire entendre ſon vouloir & reſpon¬

277 2491 2581 178 ſe: laquelle ſeroit telle, qu’iceux (comme il eſtimoit)

281 2635 2587 158 ſ'en contenteroyent. Toutesfois les Ambaſſadeurs

284 2769 2588 181 n’eſtoyent encores partis de la Cour, que le feu, qui

287 2906 2592 175 ſembloit eſtre eſteinct par leur venue, ſ'embraſa ſur

298 3043 2577 175 grand nombre de priſonniers pour le faict de la¬

298 3183 2577 172 dicte Religion: n’eſtãt beſoin d’en faire icy autre re¬

301 3320 2574 189 cit, puis qu’il y a vn liure expres imprimé à part

315 3454 2026 182 pour ceſt effect, que chaſcun peult voir.

2860 1792 577 164 Reſponſe fai¬

2839 1936 602 158 cte par le Roy

435 3595 2457 154 Au meſme temps reuindrent les ſieurs de Bour¬

315 3725 2553 182 dillon & l’Archeueſque de Vienne Charles de Ma¬

329 4016 2543 161 gnee au premier iour de Ianuier, & ne commenca

325 4150 2572 178 toutesfois que le quatrieme iour de Mars enſuyuãt:

339 4287 2563 178 leſquels eſtants arriuez audict lieu, eurent audience

339 4417 2564 148 & honorable recueil de l’Empereur Ferdinand, le¬

349 4551 2561 171 quel d’vn coſté eſtoit bien aiſe que le Roy le feiſt ſa¬

349 4702 2561 161 luer pour Empereur, ſe congratulant auec luy de

353 4828 2553 172 l’acceſſion de la dignité Imperiale: combien que le

366 4972 2544 168 Pape qui deuoit aller le premier, ne l’euſt approuué

370 5106 2536 216 pour tel, ne voulu en facon du mõde enuoyer Legat

2906 4188 576 140 Diete d’Auſ¬

2906 4294 271 171 bourg.

2872 2035 576 161 aux ſuſdicts

2868 2162 573 182 Ambaſſadeurs

2923 3492 556 243 Les fieur, de

2896 3704 579 137 Bourdillon&

2903 3814 579 168 l'Archeueſque

2899 3948 583 144 de Vienne re¬

2899 4057 590 141 uiennẽt de la
