4096 5824
2201 478 998 175 SECOND LIVRE

1606 582 2166 243 de direque tout ce qui eſt pris par force change

1609 757 2176 191 de maiſtre, & appartient au victorieux. Car il

1615 876 2170 211 faut preſuppoſer ce qu’ils ne diſent pas: Aſſa¬

1615 1012 2176 201 uoir que telle victoire & telle cõqueſte ne peut

1612 1142 2186 197 eſtre ne iuſte né legitime, ſi premierement la

1612 1271 2182 204 ſource & occaſion de la guerre ne l’eſt. Car qui¬

1615 1397 2183 191 cõque enuahit ou poſſede autremẽt, eſt auſſi in¬

1622 1523 2185 214 iuſte ſeigneur de ce qu’il a cõquis, qu’vn brigãd

1625 1666 2182 187 eſt de la bourſe d’vn marchãd à qui il a coupé la

1635 1792 2176 207 gorge. Puis qu'elle raiſõ & quel tiltre ont ils eu

1622 1928 2189 200 de faire la guerre aux Indiẽs: de les prẽdre pour

1622 2051 2179 207 eſclaues, & cõſequemment d'occuper leur pays?

1628 2187 2179 204 Eſt-ce par droict de bõne priſe, comme qui prẽ¬

1628 2323 2183 197 droit vn Sanglier, ou vn Cerf à la chaſſe? Pour

1635 2452 2169 201 ce que toꝰ animaux ſauuages qui viuẽt en l’air,

1635 2581 2182 195 ou en terre, naturellement ſont communs, &

1635 2704 2182 191 deuiennent propres de celuy qui les prend le

1641 2837 2173 201 premier. Encor faudroit-il que ce fut en terre

1635 2963 2179 191 neutre, où cõmune. Il faudroit auſſi mettre ces

1635 3106 2179 200 Indiens, non au rang des hommes , mais entre

1638 3229 2182 203 les beſtes brutes. Et de faict, ils leur ont bien

1635 3352 2182 210 monſtré qu’ils les tenoient en ce rang là: quand

1635 3507 2176 188 ils ſ'en ſont ſeruis, & ſ'en ſeruent comme vous

1631 3630 2186 187 feriez d’vn aſne, ou d’vn cheual de loage, encor

1638 3753 2176 210 qu’ils les ayent fait baptiſer. Toutesfois qui fe¬

1638 3882 2182 198 roit diſputer vn de ces pauures Barbares In¬

1650 3999 2174 223 diens contre vn Eſpagnol, (comme l'autre faict

1618 4138 2193 220 le pourceau Grillus contre Vlyſſes) ils luy fe¬

1638 4274 2169 216 roient confeſſer que les Eſpagnols qui les do¬

1654 4410 2163 207 minent tiennẽt plus de la beſte qu’eux. Etpour

1640 4545 2190 204 le verifier: il ne faut que lire ce qu’en eſcrit vn

1661 4665 2159 262 Milannois, lequel à demeuré aux Indes, & faict

1162 4058 484 180 Plutarque &

1165 4228 356 140 Lucian.

1168 4413 460 168 BeZonichap

1165 4533 453 139 23. de ſon hi¬

1162 4621 495 157 ſtoire du nou¬

1165 4736 485 217 ueau monde.
