4160 6744
944 142 304 258 262

985 295 2946 255 RETOVRNONS maintenãt à la pourſuitte de

955 487 2980 232 noſtre ſiege. Les Proteſtans voyans que la com¬

955 644 2980 236 pagnie du Capitaine Iean Regnaut, qui auoit à

963 798 2972 239 garder la porte, & quartier de faint Cyprian, oſ¬

944 966 2987 229 fenſoyent merueilleuſement, tant ceux qui e¬

948 1135 2987 232 ſtoyent logés dans l’Abbaye, que tous autres qui

955 1300 2980 224 paſſoyent par là, à l’occaſion qu’ils tenoyent

944 1446 2983 236 tout le pont: la derniere tour duquel eſt fort

951 1611 2972 232 aduancée ſur le faux bourgi, de laquelle ils ti¬

966 1760 2969 255 royent ſans ceſſe moſquettades, & coups d’har¬

966 1937 2961 217 quebuzes: logerent trois pieces au deſſus de ſaint

970 2094 2961 232 Cyprian, titant vers ſaint Benoiſt, & tout le Di¬

951 2248 2976 236 manche en battirent la derniere tour, & les con¬

948 2409 2998 239 traignirent de deſcendre, & ſe retirer en d'autre

963 2570 2979 232 tour: deuant laquelle ils dreſſerent des barica¬

963 2735 2968 224 des, pour tirer aux Proteſtans, s’ils s’ingeroyent

959 2892 2964 232 de ſe ſaiſir de la tour delaiſſée: & outre ce, fai¬

963 3053 2968 244 ſoyent ſans ceſſe fortifier la muraille par dedans

978 3242 528 197 la ville.

2042 71 836 269 LIVRE

1128 3368 2792 240 Ceſte tour ainſi deſcouuerte par le haut, &

974 3536 2946 240 voyans que les Catholiques l’auoyent abandon¬

966 3697 2954 225 née, remuerent ces pieces, & auec d’autres les

963 3862 2953 221 amenerent pour battre le mur du pré l’Abbeſſe:

963 4020 2949 228 lequel ils battirent en front, & de tous ſes flancs,

966 4185 2954 221 ne pouuant ſe monſtrer aucun dedans, qui ne

966 4342 2961 221 fuſt offenſé par ceux qui eſtoyent ſur les dubes

970 4507 2953 213 & coſtaux, qui commandent à toute l'eſtendue

974 4657 2949 224 dudit pré l’Abbeſſe: & outre ce, plus à coſté fai¬

978 4836 2953 214 ſoyent iouer les petites pieces des Alemans, qui

978 4998 2942 213 faiſoyent plus de mal que les autres pieces, pour

974 5140 2942 240 eſtre le plus ſouuent mieux mirées, & appoin¬

985 5327 431 199 tées.

1060 5462 2882 217 En peu de temps ils feirent deux grandes

981 5620 2957 284 breches, & abbattirent les tours voiſines, & leurs

3489 5781 453 247 defen¬
