4096 6957
746 336 1528 274 Sous François II.

2595 374 305 232 639

290 610 2622 232 ſoit cheualier ne capitaine au mõde tant ho¬

290 788 2626 224 noré & reſpecté, ni plus digne de ceſte char

301 954 2603 220 ge que le Duc de Guiſe ſon frere. Voyla,

293 1120 2615 221 dy-ie, les promeſſes qui furent faites & iu¬

290 1279 2614 228 rees entre ces deux bons piliers d’Egliſe,

293 1453 2615 212 auant que de venir à aucun accord de la

297 1619 2611 220 paix, aſauoir que les deux princes employe¬

297 1785 2611 201 royent toutes leurs forces & puiſſances à re

301 1947 2599 201 ſtablir le ſiege Romain, & à exterminer les

301 2098 2595 221 heretiques qui contrediſoyent à ſa Hierar¬

301 2276 2595 201 chie, ſans eſpargner frere, ſœur, enfant, pa¬

297 2450 2611 185 rent ni amy. Mais la mort interuenue de

324 2601 2046 189 Henry rompit tous ces deſſeins.

456 2755 2448 213 Depuis, ceux de Guiſe cerchans ordinai

309 2929 2591 182 rement à renouër ce fait, n’eurent faute de

305 3080 2591 205 coadiuteurs. Car les Ambaſſadeurs d’Eſpa¬

324 3254 2576 201 gne, & du Pape crioyent ſans ceſſe apres le

317 3424 2579 197 Roy François & ſon conſeil, pour acomplir

317 3582 2579 170 les promeſſes de Henry ſon pere cõtre les he

317 3745 2583 181 retiques. Leurs maiſtres auſsi en eſcriuoyẽt

313 3895 2580 186 ſouuẽt à la ſolicitatiõ de ceux deGuiſe, y en¬

317 4065 2576 194 tremeſlant des menaces. Et auſsi par ceſt ar¬

321 4228 2572 193 tifice la perſecutiõ recõmença telle quevous

328 4394 2568 182 auez entendue: mais quand ils conurent le

332 4545 2561 193 danger duquel ils eſtoyent eſchappez à Am

332 4711 2564 193 boyſe, craignãs qu’en fin le hazard tombaſt

332 4881 2564 174 ſur leut teſte, ils reſolurent d’executer leur

336 5024 2564 193 plus haute entreprinſe ſans plus tarder. Et

340 5182 2553 198 pour autant qu’elle n’eſtoit ſans difficul¬

340 5345 2553 174 tê, pour les murmures qui commençoyent

340 5496 2549 247 à ſourdre à lencontre d’eux, ils voulurent
