4096 5980
1416 212 1782 203 L'HISTOIRE DE FRANCE.

861 332 2892 226 payant toutesfois rançon raiſonnable ſelon leurs biens: ſe remettant au jugement & taille

867 461 2886 186 de Meſſieurs de Raconis. Et de la trinité & ſerõt relachez ſans rauçõ tous ceux ꝗ parleſditz

871 548 2889 182 Seigneurs ſeront jugez mal pris faiſant pareilemẽt relaſcher ſans aucune rançon tous ceux

874 631 2886 196 deſdites vallées qui à cauſe de leur Religion & non d’autre, ſeront detenuz es Galleres. Fi¬

874 730 2896 176 nallemẽt à tous les ſuſditz des vallées ſuſdites &à ceux de Meane, Roccapiata & S. Barthele

881 830 2892 173 my de quelque degré eſtat & qualité qu’ilz ſoient mais qu’ilz ne ſoiẽt Miniſtres: ſera licite &

884 906 2889 203 permis de pouuoir cõuerſer & habiter en cõmune conuerſatiõ auec les autres ſujez de ſon

887 999 2893 200 Alteſſe & pourrõt demeurer aller & reuenir par tous lieux pays de ſon Alteſſe:vendre, ache

887 1106 2886 183 ter & traffiquer en toutes ſortes de maiennanesei tonl les lieux & pays de ſon Alteſſe

894 1199 2889 186 comme deſſus moyennant qu’ilz ne preſchent facent aſſemblées ou diſputes comme nous

894 1282 2896 179 auons dit & que ceux qui ſont des Limites n’habitent hors d’icelles & ceux qui ſont aux

900 1375 2896 193 villes & villages deſdites vallées ne demeurent hors d’icelles ne de leurs Confins & que ce

904 1455 2889 206 faiſant ne ſeront moleſtez aucunement & ne ſeront faſchez ny deſtourbez reallement ny

907 1551 2889 199 perſonnellement. Ains demeureront ſous la protection & ſauue-garde de ſon Al¬

910 1641 2903 199 teſſe. Outre ſe ſon Alteſſe enuoyera ordõnance moyẽnãt laquelleſera pourueu à tous empeſ

914 1747 2892 193 mens, inconueniens & mauuaiſes conſpirations des meſchans. De ſorte que les ſuſditz de¬

917 1823 2893 200 meureront paſibles en leur Religion. Et pour obſeruation de toutes les choſes ſuſdites

920 1926 2896 190 Georges Monaſtier Sindic d’Agrongne & Ambaſſadeur d’icelles vallées: Conſtantio

924 2019 2892 186 Dialeſtini autrement Renbaldo Sindic de Villaro: Pirrone Arduino enuoié de la commu¬

927 2122 2893 180 nité de Bobio: & Michel Raymondet enuoié de la communité de Tailleret & de la Rua de

927 2209 2899 186 bonnet confin de la Tour: Iean Malanotte enuoié des particuliers de Saint Ie an Pierre Paſ¬

930 2292 2900 193 chal enuoié de la communité de la Vallée S. Martin Thomas de Roman S. Germain enuoié

934 2388 2899 193 de la communité dudit lieu&de toute la vallée de la peroſſe promettant pour eux & leurs

937 2488 2903 183 communitez reſpectiuement que le contenu des Capitulations ſuſdites ſera inuiolablemẽt

937 2571 2903 196 obſerué & en cas dinobſeruance ſe ſouſmettent à telle peine qu’il plaira à ſon Alteſſe pro¬

940 2674 2903 169 mettans pareillement faire aprouuer & confirmer ladite promeſſe par les Cheſz de Maiſons

947 2750 2896 200 deſdites communitez. L’illuſtre Seignenr monſieur de Raconis promet que ſon Alteſſe

947 2850 2902 193 ratifiera & approuuera le ſuſdites Cappitulations aux ſuſdits en general & particulier à

950 2953 2899 176 finterceſſion de la ſereniſſime Madame la Princeſſe & de ſa grace ſpecialle. Et en foy de ce

954 3029 2902 190 le ſuſdit Monſieur de Raconis a cõfermé les preſentes Capitulations de ſa main propre. Etſe

957 3136 2902 172 ſont ſouſſignez les Miniſtres au nom de toutes leſdites vallées & ceux qui ſçauent eſcrire

960 3225 2896 186 au noin de toutes leurs Communes. A Canor le cinquiéme de Iuin mil cinq cens ſoi¬

967 3401 322 107 xante vn.

1060 3398 2806 193 Ceſt accord ainſi fait & paſſé par le moyen de Madame la Ducheſſe le peuple des Vau¬

972 3483 2894 199 dois eſt demeuré en Paix juſqu’a maintenant. Ceſt donc aſſez de Piemont. Pour continuer

980 3621 1766 156 les miſeres de France reprenons les plaintes de Court.

1070 3690 2813 190 Enuiron ce temps le Roy de Nauârre fit ſes plaintes à la Royne, de ce que luy ayant tant

987 3847 2899 114 de lvivs Itiiques a lle flil atonl defatu le gouherhemet du Royahmhegicantiioma ile poiont

984 3867 2902 189 meſpriſé eſtant poſtpoſé au maniement & adminiſtration des affaires au Duc de Guyſe, le¬

987 3963 2906 193 quel auoit la garde des clefs du Chaſteau, & en toutes autres choſes luy eſtoit preferé. Que

990 4063 2906 192 ce luy eſtoit vn grand deſplaiſir de voir celuy eſtre eſleué par deſſus luy en ſa preſence, qui

990 4159 2906 176 tousjours luy auoit eſté aduerſaire, tãt duregne duRoy Henry d’aupres duquel il l'auoit tous

1000 4239 2899 196 jours eſlongné le plus qu’il auoit peu: que du temps du Roy François dernier decedé. Et

1000 4328 2899 200 que fil diſſimuloit le tout pour l'amour d’elle, moins deuoit on abuſer de ſa bõté. Pour con¬

1004 4425 2899 196 cluſion que le Duc de Guyſe demeurant aupres du Roy, il n’y pourroit faire ſejour & qu’il

1004 4514 2902 200 falloit que l'vn ou l'autre fen allaſt hors la Cour. Aquoy luy fut dit par la Royne, quelle taſ¬

1004 4614 2909 183 cheroit de luy aggreer en toutes choſes raiſõnables, mais que chaſſer ſans occaſiõ le de Duc

1007 4694 2906 196 de Guyſe, ayant Eſtatz & charges en la Court, qui requeroient ſa preſence, il n’y auoit au¬

1014 4790 2899 193 cun propos: joint qu’elle voioit biẽ q̃ luy accordant aujourd’huy vn point, demain il luy

1014 4880 2909 203 en faudroit accorder vn autre & n’auroit jamais fait conoiſſãt ſes façõs de faire, duquel elle

1014 4976 2912 180 diſoit receuoir ſãs ceſſe plaintes ſẽblables. Que toutesfois pour le cõtenter, & faire ceſſer la

1020 5069 2903 200 jalouſie qu’il auoit ſur le Duc de Guyſe à cauſe des clefsdu Chaſteau, qu'elle les feroit rapor

1020 5156 2903 202 ter en ſa chambre par les Capitaines des Gardes: cõbien qu’il appartint au Duc de Guyſe,

1024 5252 2899 232 comme grand maiſtre, d’en auoir la garde, ainſi comme le Conneſtable exerçant leit eſ¬

551 348 316 143 Iuin, 1561.

658 3318 286 160 Le Roy de

664 3461 273 87 Nauarte ſe

671 3524 259 83 plaint à la

663 3568 314 119 Royne quel

668 3654 226 83 Ie ne luy

671 3717 246 90 donne le

674 3774 253 83 ranc qui
