<?xml version="1.0" encoding="UTF-8"?>
<alto xmlns:xsi="http://www.w3.org/2001/XMLSchema-instance"
      xmlns="http://www.loc.gov/standards/alto/ns-v4#"
      xsi:schemaLocation="http://www.loc.gov/standards/alto/ns-v4# http://www.loc.gov/standards/alto/v4/alto-4-2.xsd">
  <Description>
    <MeasurementUnit>pixel</MeasurementUnit>
    <sourceImageInformation>
      <fileName>page_285.jpg</fileName>
    </sourceImageInformation>
  </Description>
  <Tags>
    <OtherTag ID="BT7" LABEL="CustomZone" DESCRIPTION="block type CustomZone"/><OtherTag ID="BT8" LABEL="DamageZone" DESCRIPTION="block type DamageZone"/><OtherTag ID="BT9" LABEL="DigitizationArtefactZone" DESCRIPTION="block type DigitizationArtefactZone"/><OtherTag ID="BT10" LABEL="DropCapitalZone" DESCRIPTION="block type DropCapitalZone"/><OtherTag ID="BT11" LABEL="GraphicZone" DESCRIPTION="block type GraphicZone"/><OtherTag ID="BT12" LABEL="MainZone" DESCRIPTION="block type MainZone"/><OtherTag ID="BT13" LABEL="MarginTextZone" DESCRIPTION="block type MarginTextZone"/><OtherTag ID="BT14" LABEL="MusicZone" DESCRIPTION="block type MusicZone"/><OtherTag ID="BT15" LABEL="NumberingZone" DESCRIPTION="block type NumberingZone"/><OtherTag ID="BT17" LABEL="QuireMarksZone" DESCRIPTION="block type QuireMarksZone"/><OtherTag ID="BT18" LABEL="RunningTitleZone" DESCRIPTION="block type RunningTitleZone"/><OtherTag ID="BT19" LABEL="SealZone" DESCRIPTION="block type SealZone"/><OtherTag ID="BT20" LABEL="StampZone" DESCRIPTION="block type StampZone"/><OtherTag ID="BT21" LABEL="TableZone" DESCRIPTION="block type TableZone"/><OtherTag ID="BT22" LABEL="TitlePageZone" DESCRIPTION="block type TitlePageZone"/><OtherTag ID="BT2522" LABEL="MainZone-Continued" DESCRIPTION="block type MainZone-Continued"/><OtherTag ID="BT2523" LABEL="MarginTextZone-Notes" DESCRIPTION="block type MarginTextZone-Notes"/><OtherTag ID="BT2524" LABEL="MainZone-Head" DESCRIPTION="block type MainZone-Head"/><OtherTag ID="BT2525" LABEL="MainZone-P" DESCRIPTION="block type MainZone-P"/><OtherTag ID="BT2526" LABEL="MainZone-Signature" DESCRIPTION="block type MainZone-Signature"/><OtherTag ID="BT2527" LABEL="TitlePageZone-Index" DESCRIPTION="block type TitlePageZone-Index"/><OtherTag ID="BT2528" LABEL="MainZone-Entry" DESCRIPTION="block type MainZone-Entry"/><OtherTag ID="BT2529" LABEL="MainZone-Sp" DESCRIPTION="block type MainZone-Sp"/><OtherTag ID="BT2530" LABEL="GraphicZone-Decoration" DESCRIPTION="block type GraphicZone-Decoration"/><OtherTag ID="BT2531" LABEL="MarginTextZone-ManuscriptAddendum" DESCRIPTION="block type MarginTextZone-ManuscriptAddendum"/><OtherTag ID="BT2532" LABEL="MainZone-Other" DESCRIPTION="block type MainZone-Other"/><OtherTag ID="BT2533" LABEL="MainZone-ListItem" DESCRIPTION="block type MainZone-ListItem"/><OtherTag ID="BT2534" LABEL="GraphicZone-Head" DESCRIPTION="block type GraphicZone-Head"/><OtherTag ID="BT2535" LABEL="MainZone-Lg" DESCRIPTION="block type MainZone-Lg"/><OtherTag ID="BT2536" LABEL="MainZone-Date" DESCRIPTION="block type MainZone-Date"/>
    <OtherTag ID="LT7" LABEL="CustomLine" DESCRIPTION="line type CustomLine"/><OtherTag ID="LT8" LABEL="DefaultLine" DESCRIPTION="line type DefaultLine"/><OtherTag ID="LT9" LABEL="DropCapitalLine" DESCRIPTION="line type DropCapitalLine"/><OtherTag ID="LT10" LABEL="HeadingLine" DESCRIPTION="line type HeadingLine"/><OtherTag ID="LT11" LABEL="InterlinearLine" DESCRIPTION="line type InterlinearLine"/><OtherTag ID="LT12" LABEL="MusicLine" DESCRIPTION="line type MusicLine"/><OtherTag ID="LT749" LABEL="default" DESCRIPTION="line type default"/>
  </Tags>
  <Layout>
    <Page WIDTH="4096"
          HEIGHT="6637"
          PHYSICAL_IMG_NR="259"
          ID="eSc_dummypage_">
      <PrintSpace HPOS="0"
                  VPOS="0"
                  WIDTH="4096"
                  HEIGHT="6637">
        <TextBlock HPOS="691"
                   VPOS="538"
                   WIDTH="1741"
                   HEIGHT="123"
                   ID="block_2"
                   TAGREFS="BT18">
          <Shape><Polygon POINTS="2432 538 2432 661 691 661 691 538"/></Shape>
          <TextLine ID="line_4"
                    TAGREFS="LT10"
                    BASELINE="682 612 2446 623" 
                    HPOS="678"
                    VPOS="490"
                    WIDTH="1768"
                    HEIGHT="188">
            <Shape><Polygon POINTS="678 648 1295 674 1298 674 1797 660 1859 678 1863 678 1867 678 2442 660 2446 623 2446 534 2361 527 2332 501 2332 497 2328 497 2324 497 2321 497 2317 497 2210 527 2195 530 2162 527 2029 512 2025 512 1937 523 1885 530 1874 523 1856 508 1856 505 1852 505 1848 505 1845 505 1841 505 1797 523 1786 527 1771 519 1734 505 1730 505 1726 505 1723 505 1678 519 1653 530 1450 530 1387 516 1269 490 1154 490 1151 490 1147 490 1143 490 1118 512 1103 523 1036 508 977 497 974 497 970 497 948 508 918 523 889 505 856 490 852 490 848 490 682 501 682 612"/></Shape>
	    <String CONTENT="DE NOSTRE TEMPS. LIV. VIII."
                    HPOS="678"
                    VPOS="490"
                    WIDTH="1768"
                    HEIGHT="188"
                    WC="0.9968617757161459"></String>
          </TextLine>
        </TextBlock>
        <TextBlock HPOS="3109"
                   VPOS="467"
                   WIDTH="142"
                   HEIGHT="101"
                   ID="block_1"
                   TAGREFS="BT15">
          <Shape><Polygon POINTS="3251 467 3251 568 3109 568 3109 467"/></Shape>
          <TextLine ID="line_5"
                    TAGREFS="LT8"
                    BASELINE="3107 523 3243 523" 
                    HPOS="3107"
                    VPOS="431"
                    WIDTH="136"
                    HEIGHT="144">
            <Shape><Polygon POINTS="3107 523 3107 575 3243 571 3243 523 3243 449 3162 431 3158 431 3155 431 3107 453 3107 523"/></Shape>
	    <String CONTENT="633"
                    HPOS="3107"
                    VPOS="431"
                    WIDTH="136"
                    HEIGHT="144"
                    WC="0.9999954303105673"></String>
          </TextLine>
        </TextBlock>
        <TextBlock HPOS="2841"
                   VPOS="557"
                   WIDTH="532"
                   HEIGHT="111"
                   ID="block_3"
                   TAGREFS="BT18">
          <Shape><Polygon POINTS="3373 557 3373 668 2841 668 2841 557"/></Shape>
          <TextLine ID="line_6"
                    TAGREFS="LT10"
                    BASELINE="2815 619 3369 612" 
                    HPOS="2811"
                    VPOS="519"
                    WIDTH="558"
                    HEIGHT="185">
            <Shape><Polygon POINTS="2815 674 2941 667 2981 685 2996 689 3000 689 3003 689 3007 689 3022 685 3107 663 3143 693 3158 704 3162 704 3166 704 3169 704 3365 700 3369 612 3354 527 3295 553 3125 553 2811 519 2815 619"/></Shape>
	    <String CONTENT="CHARLES 9."
                    HPOS="2811"
                    VPOS="519"
                    WIDTH="558"
                    HEIGHT="185"
                    WC="0.9995299458503724"></String>
          </TextLine>
        </TextBlock>
        <TextBlock HPOS="321"
                   VPOS="670"
                   WIDTH="2817"
                   HEIGHT="2094"
                   ID="block_0"
                   TAGREFS="BT2522">
          <Shape><Polygon POINTS="3138 670 3138 2764 321 2764 321 670"/></Shape>
          <TextLine ID="line_7"
                    TAGREFS="LT8"
                    BASELINE="339 700 1199 744 3129 737" 
                    HPOS="335"
                    VPOS="623"
                    WIDTH="2794"
                    HEIGHT="177">
            <Shape><Polygon POINTS="339 700 335 759 730 789 734 789 738 789 815 770 870 789 874 789 1749 796 1752 796 2258 778 2512 800 2516 800 2623 778 2815 800 2819 800 2822 800 2826 800 2856 778 3125 778 3129 737 3125 674 2948 637 2944 637 2686 663 2656 667 2649 663 2619 637 2616 637 2612 637 2490 637 2487 637 2483 637 2479 637 2442 660 2439 663 1752 667 1365 645 1361 645 1357 645 1302 663 845 663 804 641 800 641 797 641 793 641 719 660 631 626 627 626 339 623 339 700"/></Shape>
	    <String CONTENT="eſtonnez de la perte de leurs gens, &amp; intimidez de la crainte d’vn plus grãd mal qu’ils ima¬"
                    HPOS="335"
                    VPOS="623"
                    WIDTH="2794"
                    HEIGHT="177"
                    WC="0.9866693603095188"></String>
          </TextLine>
          <TextLine ID="line_8"
                    TAGREFS="LT8"
                    BASELINE="339 800 985 836 3121 836" 
                    HPOS="339"
                    VPOS="744"
                    WIDTH="2782"
                    HEIGHT="140">
            <Shape><Polygon POINTS="339 800 339 862 560 862 571 866 608 881 612 881 616 881 690 866 715 862 752 866 867 884 870 884 3118 881 3121 836 3118 785 2881 755 2878 755 2874 755 2804 778 2800 778 2793 778 2538 755 2535 755 2531 755 2494 774 2479 781 2453 774 2398 755 2394 755 2391 755 2387 755 2346 770 2332 778 2291 770 2184 752 2180 752 2177 752 2129 770 2107 778 2077 766 2033 752 2029 752 2025 752 2022 752 1963 766 1915 778 1848 763 1811 759 1808 759 1804 759 1789 763 1756 778 1726 763 1712 755 1708 755 1704 755 1498 759 929 774 837 748 815 744 811 744 808 744 804 744 793 748 752 770 719 748 715 748 712 748 339 744 339 800"/></Shape>
	    <String CONTENT="ginoient pouuoir auenir, eſtimoiẽt auoir aſſez d’occaſion de penſer en leurs conſciences."
                    HPOS="339"
                    VPOS="744"
                    WIDTH="2782"
                    HEIGHT="140"
                    WC="0.989201756980684"></String>
          </TextLine>
          <TextLine ID="line_9"
                    TAGREFS="LT8"
                    BASELINE="339 892 1136 932 3136 932" 
                    HPOS="335"
                    VPOS="836"
                    WIDTH="2801"
                    HEIGHT="152">
            <Shape><Polygon POINTS="339 892 335 951 1066 980 1904 984 1907 984 2014 966 2077 988 2081 988 2084 988 3132 969 3136 932 3132 866 1036 866 339 836 339 892"/></Shape>
	    <String CONTENT="Car en meſme inſtant ils ſe virent aſſaillis en teſte par l’infanterie: laquelle ne ceſſoit de"
                    HPOS="335"
                    VPOS="836"
                    WIDTH="2801"
                    HEIGHT="152"
                    WC="0.9923422450714923"></String>
          </TextLine>
          <TextLine ID="line_10"
                    TAGREFS="LT8"
                    BASELINE="335 980 749 1017 1151 1028 3129 1028" 
                    HPOS="335"
                    VPOS="932"
                    WIDTH="2794"
                    HEIGHT="152">
            <Shape><Polygon POINTS="335 980 335 1050 568 1050 575 1050 597 1069 601 1069 605 1069 608 1069 745 1054 756 1054 760 1054 811 1076 815 1076 2143 1080 2147 1080 2188 1072 2269 1058 2324 1076 2354 1084 2357 1084 2361 1084 2365 1084 2387 1076 2428 1061 2476 1076 2498 1084 2501 1084 2505 1084 2509 1084 2535 1076 2590 1065 2734 1080 2745 1080 2749 1080 2752 1080 2756 1080 2782 1061 3121 1084 3129 1028 3125 973 2970 943 2966 943 2963 943 2900 969 2870 943 2867 943 2863 943 2859 943 2464 962 2376 966 2361 962 2309 940 2306 940 2302 940 2298 940 2295 940 2265 958 2254 969 2103 969 2073 958 2022 940 2018 940 2014 940 1940 954 1893 969 1549 969 1464 951 1428 943 1424 943 1420 943 1405 947 1369 962 1254 947 1195 940 1191 940 1188 940 1184 940 1177 947 1151 966 893 966 852 943 848 943 845 943 756 962 719 940 712 932 708 932 704 932 701 932 335 932 335 980"/></Shape>
	    <String CONTENT="tirer harquebuzades dedans la cauallerie, &amp; meſme ſur les gens de pied, deſquels ils auoiẽt"
                    HPOS="335"
                    VPOS="932"
                    WIDTH="2794"
                    HEIGHT="152"
                    WC="0.982057040800219"></String>
          </TextLine>
          <TextLine ID="line_11"
                    TAGREFS="LT8"
                    BASELINE="335 1072 985 1120 3125 1120" 
                    HPOS="332"
                    VPOS="1025"
                    WIDTH="2793"
                    HEIGHT="154">
            <Shape><Polygon POINTS="335 1072 332 1139 859 1168 863 1168 1944 1157 1992 1176 1996 1176 2000 1176 2394 1154 2638 1179 2642 1179 2645 1179 2704 1157 3121 1157 3125 1120 3121 1065 2915 1039 2911 1039 2730 1058 2653 1065 2638 1058 2616 1039 2612 1039 2608 1039 2605 1039 2601 1039 2538 1054 2509 1061 2487 1054 2442 1036 2439 1036 2435 1036 2431 1036 2394 1054 2380 1061 2369 1054 2350 1036 2346 1036 2343 1036 2339 1036 2225 1050 2132 1065 1952 1065 1918 1047 1900 1036 1896 1036 1893 1036 1826 1043 1734 1061 1361 1061 1335 1039 1332 1039 1328 1039 1324 1039 841 1054 778 1028 763 1025 760 1025 335 1025 335 1072"/></Shape>
	    <String CONTENT="uà borné le ruiſſeau, pour empeſcher le paſſage. Là le capitaine l’Iſle fut tué, maints autres"
                    HPOS="332"
                    VPOS="1025"
                    WIDTH="2793"
                    HEIGHT="154"
                    WC="0.9783815078589381"></String>
          </TextLine>
          <TextLine ID="line_12"
                    TAGREFS="LT8"
                    BASELINE="332 1176 1118 1216 3121 1216" 
                    HPOS="328"
                    VPOS="1117"
                    WIDTH="2793"
                    HEIGHT="155">
            <Shape><Polygon POINTS="332 1176 328 1231 1524 1264 1527 1264 1819 1249 2254 1268 2258 1268 2376 1249 2490 1268 2494 1268 2498 1268 2501 1268 2524 1249 2586 1272 2590 1272 2594 1272 3118 1249 3121 1216 3118 1154 2911 1135 2907 1135 2904 1135 2852 1150 2815 1157 2797 1146 2771 1135 2767 1135 2763 1135 2679 1146 2645 1150 2608 1146 2524 1131 2520 1131 2516 1131 2472 1143 2431 1154 2405 1143 2380 1131 2376 1131 2372 1131 2369 1131 2343 1143 2298 1161 2118 1161 2092 1139 2088 1135 2084 1135 2081 1135 2077 1135 2073 1135 2062 1139 2014 1154 1926 1135 1878 1128 1874 1128 1870 1128 1841 1135 1767 1154 1719 1135 1715 1135 1712 1135 1708 1135 1704 1135 1678 1157 1520 1157 1464 1131 1461 1131 1457 1131 1453 1131 1380 1150 649 1150 332 1117 332 1176"/></Shape>
	    <String CONTENT="y furent que morts que bleſſez. Et de la cauallerie Proteſtante meſme, laquelle pour s’ex¬"
                    HPOS="328"
                    VPOS="1117"
                    WIDTH="2793"
                    HEIGHT="155"
                    WC="0.9947777615653144"></String>
          </TextLine>
          <TextLine ID="line_13"
                    TAGREFS="LT8"
                    BASELINE="335 1264 948 1308 3129 1308" 
                    HPOS="332"
                    VPOS="1216"
                    WIDTH="2797"
                    HEIGHT="151">
            <Shape><Polygon POINTS="335 1264 332 1327 1738 1364 1741 1367 2166 1367 2166 1364 2169 1364 2228 1345 2254 1364 2258 1364 2262 1364 2590 1367 2594 1367 2712 1345 2771 1367 2774 1367 2778 1367 2904 1345 3044 1367 3048 1367 3051 1367 3125 1342 3129 1308 3125 1249 2841 1231 2837 1231 2833 1231 2830 1231 2815 1246 2797 1257 2693 1257 2667 1242 2642 1231 2638 1231 2634 1231 2631 1231 2605 1242 2579 1253 2546 1242 2520 1231 2516 1231 2512 1231 2509 1231 2483 1238 2450 1253 2420 1238 2394 1227 2391 1227 2018 1227 2014 1227 1963 1235 1859 1249 1833 1231 1826 1227 1822 1227 1819 1227 1815 1227 1811 1227 1800 1231 1763 1249 1664 1231 1660 1231 1656 1231 1634 1231 1044 1246 885 1224 881 1224 723 1242 638 1220 634 1220 335 1216 335 1264"/></Shape>
	    <String CONTENT="empter des coups de canon, que l’on tiroit inceſſammẽt deſſus, ſe ſerra le plus qu’elle peut"
                    HPOS="332"
                    VPOS="1216"
                    WIDTH="2797"
                    HEIGHT="151"
                    WC="0.9912039676020222"></String>
          </TextLine>
          <TextLine ID="line_14"
                    TAGREFS="LT8"
                    BASELINE="335 1353 767 1397 1107 1404 3118 1397" 
                    HPOS="332"
                    VPOS="1312"
                    WIDTH="2786"
                    HEIGHT="148">
            <Shape><Polygon POINTS="335 1353 332 1423 981 1456 985 1460 2309 1460 2309 1456 2313 1456 2317 1456 2350 1438 2811 1456 2815 1456 2819 1456 2870 1434 3114 1434 3118 1397 3110 1349 2859 1316 2856 1316 2852 1316 2763 1338 2712 1316 2708 1316 2704 1316 2398 1338 2280 1345 2265 1334 2232 1316 2228 1316 2225 1316 2221 1316 2217 1316 2180 1334 2158 1349 2081 1349 2033 1334 1974 1316 1970 1316 1966 1316 1963 1316 1929 1331 1896 1345 1738 1331 1704 1327 1701 1327 1686 1327 1601 1345 1571 1327 1568 1323 1564 1323 1560 1323 1557 1323 1553 1323 1549 1323 1546 1327 1512 1345 1376 1327 1372 1327 1140 1345 1055 1323 1051 1323 1047 1323 1044 1323 970 1345 918 1320 915 1320 911 1320 907 1320 841 1345 693 1316 671 1312 335 1312 335 1353"/></Shape>
	    <String CONTENT="lur la deſcente de ceſte plaine, qui fut puis apres occaſion que le canon voloit le plus ſou¬"
                    HPOS="332"
                    VPOS="1312"
                    WIDTH="2786"
                    HEIGHT="148"
                    WC="0.9823479581904667"></String>
          </TextLine>
          <TextLine ID="line_15"
                    TAGREFS="LT8"
                    BASELINE="339 1449 948 1497 3114 1500" 
                    HPOS="339"
                    VPOS="1401"
                    WIDTH="2775"
                    HEIGHT="143">
            <Shape><Polygon POINTS="339 1449 339 1515 601 1515 608 1515 664 1541 667 1541 3107 1544 3114 1500 3110 1441 2830 1419 2826 1419 2822 1419 2793 1434 2778 1441 2726 1434 2612 1415 2424 1415 2420 1415 2417 1415 2380 1430 2346 1441 2077 1423 1977 1419 1974 1419 1907 1423 1649 1438 1583 1415 1575 1415 1571 1415 1568 1415 1564 1415 1560 1415 1531 1438 1180 1438 1140 1415 1136 1415 1132 1415 955 1430 922 1408 918 1408 915 1408 911 1408 907 1408 808 1430 778 1408 774 1408 771 1408 767 1408 763 1408 760 1408 726 1430 690 1404 686 1404 682 1404 339 1401 339 1449"/></Shape>
	    <String CONTENT="uent par deſſus la teſte, ou il prenoit trop bas en terre.Pour ſe garentir des harquebuzades,"
                    HPOS="339"
                    VPOS="1401"
                    WIDTH="2775"
                    HEIGHT="143"
                    WC="0.9876978910097511"></String>
          </TextLine>
          <TextLine ID="line_16"
                    TAGREFS="LT8"
                    BASELINE="332 1544 988 1592 3121 1592" 
                    HPOS="332"
                    VPOS="1493"
                    WIDTH="2789"
                    HEIGHT="155">
            <Shape><Polygon POINTS="1228 1500 1225 1500 1221 1500 1214 1508 1180 1530 1033 1530 1011 1508 1007 1508 1003 1508 1000 1508 996 1508 940 1526 904 1508 900 1508 896 1508 808 1526 627 1497 597 1493 332 1493 332 1544 332 1611 623 1611 627 1611 671 1629 675 1629 678 1629 682 1629 723 1615 789 1640 793 1640 1955 1648 1959 1648 3118 1622 3121 1592 3121 1541 3018 1508 3014 1508 3011 1508 2786 1511 2782 1511 2741 1533 2730 1537 2715 1533 2653 1511 2649 1511 2645 1511 2498 1530 2453 1533 2424 1526 2335 1504 2332 1504 2328 1504 2324 1504 2258 1526 2225 1537 1959 1537 1815 1533 1797 1515 1782 1504 1778 1504 1774 1504 1771 1504 1767 1504 1738 1515 1701 1533 1380 1533 1273 1508 1232 1500 1228 1500"/></Shape>
	    <String CONTENT="IAdmiral enuoya pluſieurs eſcadres de harquebuziers, qui faiſoient teſte à ceux de l’Ex¬"
                    HPOS="332"
                    VPOS="1493"
                    WIDTH="2789"
                    HEIGHT="155"
                    WC="0.9868599899699179"></String>
          </TextLine>
          <TextLine ID="line_17"
                    TAGREFS="LT8"
                    BASELINE="335 1637 667 1677 1136 1688 3118 1677" 
                    HPOS="335"
                    VPOS="1596"
                    WIDTH="2783"
                    HEIGHT="144">
            <Shape><Polygon POINTS="2679 1596 2675 1596 2671 1596 2667 1596 2605 1611 2583 1618 2560 1611 2509 1596 2505 1596 2501 1596 2498 1596 2453 1611 2409 1626 2339 1611 2284 1600 2280 1600 2214 1611 2110 1629 1837 1629 1797 1607 1789 1603 1786 1603 1782 1603 1778 1603 1771 1607 1726 1626 1608 1607 1605 1607 1601 1607 1597 1607 1575 1629 1258 1629 1191 1600 1188 1600 1184 1600 1180 1600 1177 1600 1173 1600 1118 1618 963 1600 952 1600 948 1600 944 1600 863 1626 822 1600 822 1596 819 1596 815 1596 811 1596 808 1596 804 1600 752 1626 678 1596 675 1596 671 1596 335 1596 335 1637 335 1710 1095 1740 1099 1740 1697 1721 2575 1740 2579 1740 2752 1721 2955 1736 2959 1736 3114 1707 3118 1677 3107 1618 2959 1626 2933 1615 2907 1603 2904 1603 2900 1603 2837 1615 2778 1626 2763 1615 2756 1607 2752 1607 2749 1607 2745 1607 2741 1607 2738 1607 2730 1615 2719 1622 2704 1615 2682 1596 2679 1596"/></Shape>
	    <String CONTENT="cellence, &amp; les rafraichiſſoit ſouuent, pour continuer ce ieu iuſques au ſoir. La nuict tom¬"
                    HPOS="335"
                    VPOS="1596"
                    WIDTH="2783"
                    HEIGHT="144"
                    WC="0.9758580288161403"></String>
          </TextLine>
          <TextLine ID="line_18"
                    TAGREFS="LT8"
                    BASELINE="335 1729 856 1780 3121 1784" 
                    HPOS="332"
                    VPOS="1685"
                    WIDTH="2789"
                    HEIGHT="154">
            <Shape><Polygon POINTS="335 1729 332 1803 867 1828 870 1828 1966 1817 1992 1836 1996 1836 2000 1836 2003 1836 2538 1817 2553 1817 2616 1839 2619 1839 2623 1839 3118 1817 3121 1784 3118 1703 2974 1699 2970 1699 2966 1699 2963 1699 2933 1725 2856 1699 2852 1699 2848 1699 2845 1699 2837 1699 2734 1721 2653 1699 2649 1699 2645 1699 2642 1699 2542 1718 2413 1707 2409 1707 2405 1707 2402 1707 2376 1725 2066 1703 2062 1703 2059 1703 2000 1725 1833 1699 1830 1699 1678 1721 1586 1699 1583 1699 1579 1699 1575 1699 1571 1699 1538 1721 1313 1703 1309 1703 1018 1718 988 1699 985 1699 981 1699 977 1699 870 1718 804 1688 800 1688 797 1688 549 1703 520 1685 516 1685 512 1685 335 1685 335 1729"/></Shape>
	    <String CONTENT="bee, le canon ceſſa: &amp; les harquebuziers ſe refroidirent, &amp; commencerent peu à peu de ſe"
                    HPOS="332"
                    VPOS="1685"
                    WIDTH="2789"
                    HEIGHT="154"
                    WC="0.9853169328711006"></String>
          </TextLine>
          <TextLine ID="line_19"
                    TAGREFS="LT8"
                    BASELINE="332 1825 745 1873 1084 1880 3070 1876 3112 1863" 
                    HPOS="321"
                    VPOS="1769"
                    WIDTH="2789"
                    HEIGHT="172">
            <Shape><Polygon POINTS="1428 1780 1372 1780 1317 1780 1262 1780 1206 1780 1151 1780 1095 1780 1040 1780 985 1780 929 1780 874 1780 819 1775 808 1769 354 1769 326 1819 321 1902 2136 1941 2142 1941 3105 1913 3110 1858 3088 1797 1428 1780 1428 1780"/></Shape>
	    <String CONTENT="teuirer. Ce qu&#x27;apperceu par les Proteſtans, l’Admiral leur fiſt prendre le chemin de Mou¬"
                    HPOS="321"
                    VPOS="1769"
                    WIDTH="2789"
                    HEIGHT="172"
                    WC="0.9733231104491802"></String>
          </TextLine>
          <TextLine ID="line_20"
                    TAGREFS="LT8"
                    BASELINE="335 1917 638 1961 926 1972 3110 1976" 
                    HPOS="332"
                    VPOS="1884"
                    WIDTH="2778"
                    HEIGHT="136">
            <Shape><Polygon POINTS="332 1991 904 2020 907 2020 3107 2016 3110 1976 3110 1913 3088 1895 3084 1895 3081 1895 3077 1895 3073 1895 3022 1913 2970 1895 2966 1895 2963 1895 2715 1913 2697 1913 2682 1913 2571 1895 2568 1895 2564 1895 2505 1909 2490 1913 2457 1909 2321 1891 2317 1891 2313 1891 2280 1906 2276 1909 2265 1906 2206 1891 2202 1891 2199 1891 2036 1906 1963 1909 1896 1902 1804 1891 1800 1891 1797 1891 1771 1902 1745 1909 365 1884 335 1917 332 1991"/></Shape>
	    <String CONTENT="coutour, pour là y amaſſer toutes ſes forces, ſans toutesfois ſonner retraitte: mais tous ſe"
                    HPOS="332"
                    VPOS="1884"
                    WIDTH="2778"
                    HEIGHT="136"
                    WC="0.9934648768876189"></String>
          </TextLine>
          <TextLine ID="line_21"
                    TAGREFS="LT8"
                    BASELINE="332 2009 653 2057 977 2068 3121 2068" 
                    HPOS="328"
                    VPOS="1972"
                    WIDTH="2793"
                    HEIGHT="151">
            <Shape><Polygon POINTS="328 2083 1269 2120 1273 2123 1520 2123 1520 2120 1524 2120 1527 2120 1564 2094 1612 2120 1616 2120 1619 2120 1889 2101 2140 2120 2143 2120 2147 2120 2191 2101 2243 2123 2247 2123 2250 2123 2254 2123 2350 2101 2741 2123 2745 2123 2749 2123 2752 2123 2782 2101 2933 2116 2937 2116 3118 2094 3121 2068 3121 2009 3033 1983 3029 1983 3025 1983 2937 2002 2889 1983 2885 1983 2881 1983 2878 1983 2874 1983 2845 2005 2841 2005 2811 2005 2583 1983 2579 1983 2575 1983 2571 1983 2546 2002 2538 2005 2531 2002 2505 1983 2501 1983 2498 1983 2494 1983 2490 1983 2461 1998 2446 2005 2387 1998 2273 1983 2269 1983 2180 1994 2129 2005 1343 2005 335 1972 332 2009 328 2083"/></Shape>
	    <String CONTENT="leuroiẽt en tel deſordre, &amp; ſi à la haſte la pluſpart d’eux, que ſi les Catholiques en euſſent"
                    HPOS="328"
                    VPOS="1972"
                    WIDTH="2793"
                    HEIGHT="151"
                    WC="0.9910910148173571"></String>
          </TextLine>
          <TextLine ID="line_22"
                    TAGREFS="LT8"
                    BASELINE="343 2109 841 2160 3110 2168" 
                    HPOS="339"
                    VPOS="2064"
                    WIDTH="2771"
                    HEIGHT="144">
            <Shape><Polygon POINTS="343 2109 339 2179 771 2204 3103 2208 3110 2168 3110 2101 3077 2083 3073 2083 3070 2083 3066 2083 2863 2101 2848 2101 2841 2101 2771 2083 2767 2083 2763 2083 2760 2083 2701 2098 2664 2109 2649 2098 2623 2079 2619 2079 2616 2079 2461 2079 2457 2079 2453 2079 2409 2094 2372 2105 2324 2094 2309 2090 2306 2090 2302 2090 2284 2094 2202 2109 2107 2090 2048 2079 2044 2079 2040 2079 2011 2086 1955 2105 1549 2083 1546 2083 1542 2083 1501 2105 1258 2105 1225 2075 1221 2075 1217 2075 1214 2075 1210 2075 1206 2075 1158 2098 985 2079 981 2079 826 2098 760 2068 749 2064 745 2064 343 2064 343 2109"/></Shape>
	    <String CONTENT="eſté aduertis, ils les euſſent aiſcement taillez en pieces. Ils furent coucher à vne lieuë de là,"
                    HPOS="339"
                    VPOS="2064"
                    WIDTH="2771"
                    HEIGHT="144"
                    WC="0.9775225708980372"></String>
          </TextLine>
          <TextLine ID="line_23"
                    TAGREFS="LT8"
                    BASELINE="335 2197 597 2241 889 2256 3125 2260" 
                    HPOS="332"
                    VPOS="2160"
                    WIDTH="2793"
                    HEIGHT="144">
            <Shape><Polygon POINTS="332 2275 830 2304 833 2304 3121 2300 3125 2260 3118 2171 3000 2197 2941 2175 2937 2175 2933 2175 2929 2175 2870 2193 2837 2171 2833 2171 2830 2171 2826 2171 2642 2197 2564 2171 2560 2171 2557 2171 2446 2197 2394 2179 2391 2179 2387 2179 2158 2193 2070 2171 2066 2171 2062 2171 1907 2193 1631 2171 1627 2171 1623 2171 1619 2171 1583 2193 1380 2171 1376 2171 1372 2171 1328 2190 719 2190 601 2160 597 2160 343 2160 335 2197 332 2275"/></Shape>
	    <String CONTENT="tort à l&#x27;eſtroit entre deux riuieres: l’vne deſquelles va à Moncoutour, &amp; l’autre n’en paſſe"
                    HPOS="332"
                    VPOS="2160"
                    WIDTH="2793"
                    HEIGHT="144"
                    WC="0.9771677008334626"></String>
          </TextLine>
          <TextLine ID="line_24"
                    TAGREFS="LT8"
                    BASELINE="339 2300 833 2348 3125 2352" 
                    HPOS="335"
                    VPOS="2256"
                    WIDTH="2790"
                    HEIGHT="140">
            <Shape><Polygon POINTS="339 2300 335 2363 605 2367 671 2396 675 2396 678 2396 3121 2389 3125 2352 3121 2286 2147 2275 2143 2275 2140 2275 2070 2293 1881 2271 1841 2267 1837 2267 1800 2271 1627 2289 1583 2267 1579 2267 1575 2267 1571 2267 1568 2267 1564 2267 1509 2289 1361 2271 1357 2271 1354 2271 1273 2289 1121 2271 1118 2271 782 2286 730 2260 726 2260 339 2256 339 2300"/></Shape>
	    <String CONTENT="pas beaucoup loin. Deux heures deuant le iour ils s’acheminerent vers Moncoutour, en"
                    HPOS="335"
                    VPOS="2256"
                    WIDTH="2790"
                    HEIGHT="140"
                    WC="0.9866281357549486"></String>
          </TextLine>
          <TextLine ID="line_25"
                    TAGREFS="LT8"
                    BASELINE="339 2393 634 2433 918 2444 3125 2444" 
                    HPOS="339"
                    VPOS="2348"
                    WIDTH="2786"
                    HEIGHT="144">
            <Shape><Polygon POINTS="3125 2389 3040 2359 3036 2359 3033 2359 2893 2381 2701 2356 2697 2356 2461 2359 2457 2359 2420 2378 2413 2381 2383 2378 2306 2363 2302 2363 2298 2363 2254 2374 2214 2385 2151 2374 2092 2363 2088 2363 2040 2370 1966 2385 1797 2367 1767 2367 1763 2367 1719 2367 1372 2381 1339 2363 1339 2359 1335 2359 1332 2359 1328 2359 1324 2359 1321 2359 1273 2381 1162 2363 1158 2363 1154 2363 1151 2363 1118 2385 893 2385 837 2359 833 2359 830 2359 826 2359 778 2381 634 2352 616 2348 343 2348 339 2393 339 2466 612 2466 616 2466 690 2492 693 2492 697 2492 3121 2477 3125 2444 3125 2389"/></Shape>
	    <String CONTENT="la plaine de laquelle deuant la ville, ayant la riuiere entre deux, &amp; és villages circonuoiſins"
                    HPOS="339"
                    VPOS="2348"
                    WIDTH="2786"
                    HEIGHT="144"
                    WC="0.9822404533624649"></String>
          </TextLine>
          <TextLine ID="line_26"
                    TAGREFS="LT8"
                    BASELINE="339 2477 682 2533 981 2540 3125 2529" 
                    HPOS="339"
                    VPOS="2448"
                    WIDTH="2786"
                    HEIGHT="140">
            <Shape><Polygon POINTS="3099 2470 3062 2470 3025 2470 2988 2470 2952 2470 2915 2470 2878 2470 2841 2470 2804 2470 2767 2470 2730 2470 2693 2470 2656 2470 2631 2470 2590 2477 2420 2477 2405 2470 2398 2470 2361 2470 2324 2470 2287 2470 2250 2470 2232 2470 2210 2474 2199 2470 2177 2470 2140 2470 2103 2470 2099 2474 2077 2470 2066 2470 2029 2470 1992 2470 1955 2470 1918 2470 1896 2470 1874 2474 1867 2470 1845 2470 1808 2470 1771 2470 1760 2474 1734 2470 1697 2470 1660 2470 1623 2470 1586 2470 1549 2470 1546 2474 1498 2470 1476 2470 1439 2470 1402 2470 1365 2470 1328 2470 1291 2470 1254 2470 1217 2470 1195 2466 1166 2474 1121 2455 1118 2455 1114 2455 1107 2455 896 2474 833 2455 830 2455 826 2455 738 2474 664 2448 656 2448 653 2448 391 2448 339 2477 339 2562 863 2588 867 2588 3121 2566 3125 2529 3121 2477 3107 2470 3099 2470"/></Shape>
	    <String CONTENT="toute l&#x27;armee fut logee, &amp; l’artillerie auec les Lanſquenets: fors quinze cornettes de caual¬"
                    HPOS="339"
                    VPOS="2448"
                    WIDTH="2786"
                    HEIGHT="140"
                    WC="0.97463224844266"></String>
          </TextLine>
          <TextLine ID="line_28"
                    TAGREFS="LT8"
                    BASELINE="343 2585 512 2614 985 2636 3121 2625" 
                    HPOS="337"
                    VPOS="2527"
                    WIDTH="2779"
                    HEIGHT="144">
            <Shape><Polygon POINTS="337 2654 387 2665 404 2671 3110 2671 3116 2621 3099 2555 869 2555 343 2527 337 2582 337 2654"/></Shape>
	    <String CONTENT="lenie,y comprins le regimẽt de l’Admiral logez en ville, &amp; l&#x27;enſeigne de Rouuray au cha¬"
                    HPOS="337"
                    VPOS="2527"
                    WIDTH="2779"
                    HEIGHT="144"
                    WC="0.9793776153178697"></String>
          </TextLine>
          <TextLine ID="line_29"
                    TAGREFS="LT8"
                    BASELINE="335 2665 512 2706 715 2724 2136 2732" 
                    HPOS="332"
                    VPOS="2625"
                    WIDTH="1804"
                    HEIGHT="155">
            <Shape><Polygon POINTS="335 2665 332 2743 623 2746 627 2750 649 2772 653 2772 656 2772 811 2780 815 2780 2132 2776 2136 2732 2136 2680 2036 2673 2003 2643 2000 2643 1996 2643 1992 2643 1988 2643 1889 2669 1878 2673 1863 2669 1789 2647 1786 2647 1782 2647 1778 2647 1741 2665 1730 2673 1686 2665 1608 2651 1605 2651 1542 2662 1457 2673 1295 2654 1214 2643 1210 2643 1177 2651 1088 2669 1033 2647 1029 2647 1025 2647 1022 2647 1018 2647 992 2669 804 2669 774 2643 771 2643 767 2643 763 2643 667 2662 627 2632 623 2628 619 2628 616 2628 335 2625 335 2665"/></Shape>
	    <String CONTENT="ſteau. Celà fut le Samedy au ſoir, premier iour d’Octobre."
                    HPOS="332"
                    VPOS="2625"
                    WIDTH="1804"
                    HEIGHT="155"
                    WC="0.9920950521857052"></String>
          </TextLine>
        </TextBlock>
        <TextBlock HPOS="318"
                   VPOS="2755"
                   WIDTH="2819"
                   HEIGHT="1055"
                   ID="block_5"
                   TAGREFS="BT2525">
          <Shape><Polygon POINTS="3137 2755 3137 3810 318 3810 318 2755"/></Shape>
          <TextLine ID="line_31"
                    TAGREFS="LT8"
                    BASELINE="398 2783 966 2828 3118 2813" 
                    HPOS="398"
                    VPOS="2732"
                    WIDTH="2720"
                    HEIGHT="151">
            <Shape><Polygon POINTS="398 2853 697 2853 704 2857 756 2883 760 2883 763 2883 929 2864 1103 2883 1107 2883 1217 2864 1258 2883 1262 2883 1265 2883 1269 2883 1339 2864 2206 2883 2210 2883 2214 2883 2258 2864 2287 2853 2321 2864 2372 2883 2376 2883 2380 2883 2383 2883 2424 2864 2439 2861 2457 2868 2498 2879 2501 2879 2505 2879 2616 2868 2715 2857 2926 2857 2944 2868 2974 2883 2977 2883 2981 2883 2985 2883 2988 2883 3003 2868 3014 2861 3110 2868 3118 2813 3107 2743 1121 2758 1088 2739 1084 2739 1081 2739 1077 2739 933 2758 398 2732 398 2783 398 2853"/></Shape>
	    <String CONTENT="Monſieur aduerti du depart des Proteſtans, s’auança pour loger à ſainct Cler, ioigant"
                    HPOS="398"
                    VPOS="2732"
                    WIDTH="2720"
                    HEIGHT="151"
                    WC="0.9827738829042719"></String>
          </TextLine>
          <TextLine ID="line_32"
                    TAGREFS="LT8"
                    BASELINE="350 2861 649 2912 1011 2923 3007 2916 3094 2899" 
                    HPOS="343"
                    VPOS="2815"
                    WIDTH="2745"
                    HEIGHT="166">
            <Shape><Polygon POINTS="343 2947 824 2981 830 2981 3083 2953 3088 2898 3066 2820 686 2842 420 2815 348 2859 343 2947"/></Shape>
	    <String CONTENT="ehieu de la rencontre. Son Excellence recognut au lendemain les morts &amp; bleſſez d&#x27;vnc"
                    HPOS="343"
                    VPOS="2815"
                    WIDTH="2745"
                    HEIGHT="166"
                    WC="0.9919021059485043"></String>
          </TextLine>
          <TextLine ID="line_33"
                    TAGREFS="LT8"
                    BASELINE="332 2964 660 3008 896 3016 3105 3026" 
                    HPOS="321"
                    VPOS="2903"
                    WIDTH="2778"
                    HEIGHT="172">
            <Shape><Polygon POINTS="2396 2920 2391 2920 2385 2920 1771 2942 946 2920 929 2920 874 2920 846 2914 741 2914 708 2914 653 2914 636 2909 332 2903 326 2958 321 3030 1095 3075 1101 3075 3094 3064 3099 3025 3088 2925 2440 2947 2402 2920 2396 2920"/></Shape>
	    <String CONTENT="Part &amp; d&#x27;autre. Des Proteſtans, pour la raiſon que deſſus, y mourut beaucoup plus de gens"
                    HPOS="321"
                    VPOS="2903"
                    WIDTH="2778"
                    HEIGHT="172"
                    WC="0.9773283634292945"></String>
          </TextLine>
          <TextLine ID="line_34"
                    TAGREFS="LT8"
                    BASELINE="354 3056 616 3100 904 3112 3121 3112" 
                    HPOS="354"
                    VPOS="3016"
                    WIDTH="2767"
                    HEIGHT="155">
            <Shape><Polygon POINTS="2634 3027 2597 3027 2560 3027 2524 3027 2520 3023 2512 3034 2494 3049 2439 3034 2413 3027 2409 3027 2405 3027 2402 3027 2387 3034 2354 3049 2313 3030 2306 3030 2302 3030 2298 3030 2295 3030 2291 3030 2258 3053 2110 3034 2107 3034 2103 3034 2033 3053 1926 3027 1911 3027 1907 3027 1904 3027 1896 3027 1822 3053 1535 3053 1498 3027 1494 3027 1490 3027 1487 3027 1483 3027 1442 3049 1066 3049 918 3027 915 3027 911 3027 845 3049 690 3019 686 3019 682 3019 627 3045 590 3016 586 3016 583 3016 357 3016 354 3056 354 3137 535 3137 538 3137 560 3156 564 3156 568 3156 571 3156 575 3156 616 3137 619 3137 627 3137 701 3163 704 3163 708 3167 1797 3167 1797 3163 1885 3152 1970 3145 1996 3156 2022 3167 2025 3167 2029 3171 2265 3171 2265 3167 2350 3159 2498 3145 2605 3163 2638 3167 2642 3167 2686 3163 2837 3148 3114 3167 3121 3112 3118 3041 2760 3034 2756 3034 2741 3038 2671 3053 2649 3034 2638 3027 2634 3027"/></Shape>
	    <String CONTENT="ſe pied que de cauallerie, en nombre de deux cens ou enuiron, des Catholiques vingt ou"
                    HPOS="354"
                    VPOS="3016"
                    WIDTH="2767"
                    HEIGHT="155"
                    WC="0.9856657995734104"></String>
          </TextLine>
          <TextLine ID="line_35"
                    TAGREFS="LT8"
                    BASELINE="339 3137 498 3182 808 3204 3118 3204" 
                    HPOS="335"
                    VPOS="3115"
                    WIDTH="2783"
                    HEIGHT="148">
            <Shape><Polygon POINTS="335 3226 889 3259 893 3259 1929 3244 2062 3263 2066 3263 2070 3263 2110 3244 2262 3263 2265 3263 2380 3237 2391 3237 2413 3237 2579 3255 2583 3255 2586 3255 2590 3255 2616 3241 2623 3237 2815 3237 2830 3241 2907 3263 2911 3263 2915 3263 2918 3263 2922 3263 2948 3241 2952 3237 2966 3241 3048 3263 3051 3263 3055 3263 3059 3263 3114 3241 3118 3204 3114 3152 2915 3152 2907 3148 2856 3119 2852 3119 2848 3119 2730 3145 2708 3148 2656 3145 2424 3119 2420 3119 2417 3119 2350 3141 2317 3148 2125 3137 1944 3126 1940 3126 1937 3126 1933 3126 1922 3134 1904 3148 1841 3134 1826 3130 1822 3130 1819 3130 1797 3134 1704 3148 1605 3130 1546 3119 1542 3119 1538 3119 1516 3130 1476 3145 1398 3126 1372 3123 1369 3123 1343 3126 1250 3145 1221 3126 1221 3123 1217 3123 1214 3123 1210 3123 1173 3123 915 3145 398 3115 339 3137 335 3226"/></Shape>
	    <String CONTENT="deate. Le iour ſuiuant, Monſieur depeſcha nombre de gens, pour deſcouurir &amp; luy rap¬"
                    HPOS="335"
                    VPOS="3115"
                    WIDTH="2783"
                    HEIGHT="148"
                    WC="0.986105604540734"></String>
          </TextLine>
          <TextLine ID="line_36"
                    TAGREFS="LT8"
                    BASELINE="332 3241 531 3281 778 3300 3129 3300" 
                    HPOS="328"
                    VPOS="3207"
                    WIDTH="2801"
                    HEIGHT="148">
            <Shape><Polygon POINTS="328 3322 889 3351 893 3355 2376 3355 2376 3351 2398 3347 2498 3329 2671 3351 2712 3355 2715 3355 2719 3355 2734 3351 2815 3333 3121 3355 3129 3300 3121 3226 2915 3241 2845 3222 2800 3211 2797 3211 2793 3211 2789 3211 2749 3222 2671 3241 2568 3222 2535 3215 2531 3215 2527 3215 2509 3218 2446 3241 2398 3218 2380 3211 2376 3211 2372 3211 2369 3211 2335 3218 2250 3244 2011 3244 1970 3222 1966 3222 1963 3222 1863 3241 1837 3222 1833 3222 1830 3222 1826 3222 1822 3222 1782 3241 1745 3218 1741 3218 1738 3218 1734 3218 1579 3241 1535 3222 1531 3222 1527 3222 1136 3237 1029 3218 1025 3218 1022 3218 944 3237 354 3207 332 3241 328 3322"/></Shape>
	    <String CONTENT="porter le lieu, &amp; l’eſtat de l’armee Proteſtante: leſquels retournez, luy dirent qu’elle auoit"
                    HPOS="328"
                    VPOS="3207"
                    WIDTH="2801"
                    HEIGHT="148"
                    WC="0.9847649177338215"></String>
          </TextLine>
          <TextLine ID="line_37"
                    TAGREFS="LT8"
                    BASELINE="335 3336 549 3377 841 3395 3129 3395" 
                    HPOS="332"
                    VPOS="3300"
                    WIDTH="2797"
                    HEIGHT="151">
            <Shape><Polygon POINTS="332 3414 675 3421 715 3447 719 3447 723 3447 726 3451 2199 3451 2199 3447 2202 3447 2228 3440 2291 3425 2564 3443 2660 3451 2664 3451 2726 3447 3007 3425 3121 3451 3129 3395 3125 3340 3029 3318 3025 3318 3022 3318 2963 3336 2959 3336 2955 3336 2907 3311 2904 3311 2900 3311 2896 3311 2841 3333 2811 3307 2808 3307 2804 3307 2800 3307 2797 3307 2793 3307 2752 3333 2745 3336 2712 3333 2546 3307 2431 3307 2428 3307 2424 3307 2420 3307 2387 3329 2380 3333 2335 3325 2247 3314 2243 3314 2239 3314 2195 3325 2143 3340 1841 3340 1726 3318 1693 3314 1690 3314 1638 3318 1431 3333 1391 3314 1387 3314 1383 3314 1380 3314 1376 3314 1350 3336 1191 3336 1073 3307 1059 3307 1055 3307 1051 3307 1047 3307 1014 3329 789 3333 752 3314 749 3314 745 3314 741 3314 678 3333 601 3307 597 3307 339 3300 335 3336 332 3414"/></Shape>
	    <String CONTENT="rallé lariuiere, &amp; qu’ils eſtoient en la plaine de Moncoutour, &amp; és villages prochains. Et"
                    HPOS="332"
                    VPOS="3300"
                    WIDTH="2797"
                    HEIGHT="151"
                    WC="0.969704613737438"></String>
          </TextLine>
          <TextLine ID="line_38"
                    TAGREFS="LT8"
                    BASELINE="343 3436 579 3480 878 3491 3118 3491" 
                    HPOS="339"
                    VPOS="3395"
                    WIDTH="2779"
                    HEIGHT="148">
            <Shape><Polygon POINTS="343 3436 339 3510 686 3539 690 3543 1575 3543 1575 3539 1690 3521 1708 3521 1723 3521 1804 3543 1808 3543 1811 3543 2247 3528 2439 3521 3110 3532 3118 3491 3114 3425 2845 3406 2841 3406 2837 3406 2833 3406 2819 3421 2815 3425 2800 3421 2749 3403 2745 3403 2741 3403 2738 3403 2697 3418 2671 3432 2498 3432 2350 3414 2221 3403 2217 3403 2214 3403 2210 3403 2195 3414 2166 3429 1826 3410 1749 3406 1745 3406 1741 3406 1738 3406 1738 3410 1708 3425 1560 3406 1546 3406 1542 3406 1531 3406 1365 3425 1280 3403 1273 3403 1269 3403 1265 3403 1254 3403 1125 3429 738 3429 343 3395 343 3436"/></Shape>
	    <String CONTENT="que les principaux eſtoiént dedans la ville &amp; chaſteau. Soudain fit auancer l’infanterie,"
                    HPOS="339"
                    VPOS="3395"
                    WIDTH="2779"
                    HEIGHT="148"
                    WC="0.9906441807746887"></String>
          </TextLine>
          <TextLine ID="line_39"
                    TAGREFS="LT8"
                    BASELINE="350 3510 516 3565 734 3583 3118 3580" 
                    HPOS="346"
                    VPOS="3495"
                    WIDTH="2772"
                    HEIGHT="144">
            <Shape><Polygon POINTS="2642 3495 2638 3495 2634 3495 2623 3506 2605 3517 2557 3506 2516 3495 2512 3495 2509 3495 2505 3495 2476 3506 2424 3521 2361 3502 2324 3495 2321 3495 2317 3495 2313 3495 2280 3502 2225 3517 2180 3502 2166 3499 2162 3499 2158 3499 2155 3499 2143 3502 2107 3524 1819 3524 1649 3499 1627 3499 1623 3499 1619 3499 1612 3499 1531 3521 1369 3499 1357 3499 1354 3499 1350 3499 1302 3517 1154 3502 1151 3502 1147 3502 1107 3524 667 3524 428 3495 350 3510 346 3609 885 3635 889 3639 1944 3639 1944 3635 2088 3617 2110 3635 2114 3635 2118 3635 2121 3635 2125 3635 2184 3617 2531 3631 2535 3631 2686 3613 2763 3635 2767 3635 2771 3639 2985 3639 2985 3635 3114 3609 3118 3580 3107 3510 2808 3521 2715 3506 2645 3495 2642 3495"/></Shape>
	    <String CONTENT="quel ques cornettes pour la ſouſtenir. Mais eſtans venus à la riuiere de la Diue, qui paſſe"
                    HPOS="346"
                    VPOS="3495"
                    WIDTH="2772"
                    HEIGHT="144"
                    WC="0.9817614386910978"></String>
          </TextLine>
          <TextLine ID="line_40"
                    TAGREFS="LT8"
                    BASELINE="343 3617 638 3672 959 3683 3125 3668" 
                    HPOS="343"
                    VPOS="3587"
                    WIDTH="2782"
                    HEIGHT="159">
            <Shape><Polygon POINTS="343 3705 560 3705 579 3709 682 3738 686 3738 690 3742 874 3742 874 3738 878 3738 881 3738 907 3720 988 3742 992 3742 996 3742 1000 3742 1036 3724 1062 3742 1066 3742 1070 3742 1073 3742 1509 3724 1568 3742 1571 3742 1575 3746 1837 3746 1837 3742 1841 3742 1885 3724 1977 3738 1981 3738 1985 3738 2055 3720 2081 3716 2114 3720 2214 3738 2217 3738 2221 3738 2284 3724 2343 3709 2723 3716 2738 3727 2763 3738 2767 3738 2771 3738 2845 3727 2937 3713 3118 3727 3125 3668 3121 3609 3059 3591 3055 3591 3051 3591 3048 3591 2988 3606 2952 3617 2929 3606 2904 3595 2900 3595 2896 3595 2841 3606 2797 3617 2771 3606 2738 3591 2734 3591 2730 3591 2726 3591 2723 3591 2704 3606 2686 3617 2645 3606 2612 3595 2608 3595 2605 3595 2601 3595 2597 3595 2586 3606 2571 3617 2520 3606 2461 3591 2457 3591 2387 3602 2350 3609 2335 3602 2302 3587 2298 3587 2295 3587 2291 3587 2258 3602 2221 3620 2073 3620 2051 3602 2040 3591 2036 3591 2033 3591 2029 3591 2025 3591 2022 3591 2011 3602 1988 3617 1922 3598 1900 3595 1896 3595 1893 3595 1889 3595 1874 3598 1822 3617 1738 3602 1734 3602 1435 3620 1405 3602 1402 3602 1398 3602 1394 3602 1003 3620 852 3591 837 3591 833 3591 819 3591 690 3617 405 3591 343 3617 343 3705"/></Shape>
	    <String CONTENT="Moncoutour, fut ſaluee d’vne infinité d’harquebuzades, que les Proteſtans gardans le"
                    HPOS="343"
                    VPOS="3587"
                    WIDTH="2782"
                    HEIGHT="159"
                    WC="0.9938411312944749"></String>
          </TextLine>
          <TextLine ID="line_42"
                    TAGREFS="LT8"
                    BASELINE="336 3753 1059 3779" 
                    HPOS="326"
                    VPOS="3633"
                    WIDTH="731"
                    HEIGHT="194">
            <Shape><Polygon POINTS="332 3749 326 3777 763 3827 769 3827 1051 3805 1057 3777 1057 3705 625 3700 332 3633 332 3749"/></Shape>
	    <String CONTENT="Paſſege leur enuoierent."
                    HPOS="326"
                    VPOS="3633"
                    WIDTH="731"
                    HEIGHT="194"
                    WC="0.9676652252674103"></String>
          </TextLine>
        </TextBlock>
        <TextBlock HPOS="315"
                   VPOS="3803"
                   WIDTH="2823"
                   HEIGHT="1742"
                   ID="block_4"
                   TAGREFS="BT2525">
          <Shape><Polygon POINTS="3138 3803 3138 5545 315 5545 315 3803"/></Shape>
          <TextLine ID="line_44"
                    TAGREFS="LT8"
                    BASELINE="416 3831 856 3871 3040 3864 3095 3867 3127 3884" 
                    HPOS="409"
                    VPOS="3805"
                    WIDTH="2712"
                    HEIGHT="99">
            <Shape><Polygon POINTS="3116 3805 415 3805 409 3899 3110 3904 3121 3882 3121 3805 3116 3805"/></Shape>
	    <String CONTENT="ctous ay dit par cy deuant, que l’vn &amp; l’autre parti ſe cherchoit, pour eſtre reſolu de"
                    HPOS="409"
                    VPOS="3805"
                    WIDTH="2712"
                    HEIGHT="99"
                    WC="0.9820236758939151"></String>
          </TextLine>
          <TextLine ID="line_45"
                    TAGREFS="LT8"
                    BASELINE="343 3901 512 3945 749 3963 2922 3963 3123 3970" 
                    HPOS="332"
                    VPOS="3854"
                    WIDTH="2789"
                    HEIGHT="172">
            <Shape><Polygon POINTS="3099 3888 2706 3866 2706 3866 2651 3866 2595 3866 2518 3882 2479 3893 1090 3893 752 3888 708 3854 702 3854 697 3854 691 3854 686 3854 680 3854 625 3882 387 3854 337 3899 332 3982 354 3987 1079 4026 1084 4026 3116 4015 3121 3965 3116 3954 3099 3888"/></Shape>
	    <String CONTENT="conner bataille. Depuis les choſes s&#x27;acheminerent du coſté de ſon Excellence, de bien en"
                    HPOS="332"
                    VPOS="3854"
                    WIDTH="2789"
                    HEIGHT="172"
                    WC="0.9838072349516194"></String>
          </TextLine>
          <TextLine ID="line_46"
                    TAGREFS="LT8"
                    BASELINE="335 3993 520 4044 715 4059 3114 4063" 
                    HPOS="332"
                    VPOS="3967"
                    WIDTH="2782"
                    HEIGHT="144">
            <Shape><Polygon POINTS="332 4081 1129 4111 1132 4111 3110 4100 3114 4063 3110 4000 3029 4000 3022 3996 2996 3974 2992 3974 2988 3974 2985 3974 2756 3993 2671 4000 2656 3993 2623 3974 2619 3974 2616 3974 2612 3974 2575 3993 2549 4004 2512 3993 2476 3978 2472 3978 2243 3974 2239 3974 2236 3974 2232 3974 2210 3989 2195 3996 2107 3985 2003 3974 2000 3974 1996 3974 1963 3985 1907 4000 1808 3982 1756 3974 1752 3974 1715 3982 1623 4004 1428 4004 1394 3982 1391 3982 1387 3982 1383 3982 1380 3982 1343 4000 1236 3982 1232 3982 1228 3982 1188 4000 1011 3982 1007 3982 763 3996 627 3967 612 3967 383 3967 335 3993 332 4081"/></Shape>
	    <String CONTENT="meux. Car ayant veu le nombre des morts à la rencontre de ſainct Cler, la route de leur"
                    HPOS="332"
                    VPOS="3967"
                    WIDTH="2782"
                    HEIGHT="144"
                    WC="0.9830383373932405"></String>
          </TextLine>
          <TextLine ID="line_48"
                    TAGREFS="LT8"
                    BASELINE="327 4131 778 4159 3118 4151" 
                    HPOS="321"
                    VPOS="4065"
                    WIDTH="2795"
                    HEIGHT="149">
            <Shape><Polygon POINTS="376 4120 365 4065 321 4065 326 4126 326 4186 370 4186 376 4181 387 4186 2961 4214 2966 4214 3110 4181 3116 4148 3105 4070 404 4065 376 4120"/></Shape>
	    <String CONTENT="Antgarde, &amp; la ſoudaine retraitte qu’ils firent toute ceſtenuict &amp; le lendemain, pour"
                    HPOS="321"
                    VPOS="4065"
                    WIDTH="2795"
                    HEIGHT="149"
                    WC="0.9827050489537856"></String>
          </TextLine>
          <TextLine ID="line_49"
                    TAGREFS="LT8"
                    BASELINE="354 4177 435 4218 789 4255 3114 4247" 
                    HPOS="354"
                    VPOS="4162"
                    WIDTH="2760"
                    HEIGHT="144">
            <Shape><Polygon POINTS="354 4277 523 4277 527 4277 553 4299 557 4299 560 4299 564 4299 686 4280 771 4302 774 4302 778 4306 2040 4306 2040 4302 2044 4302 2099 4284 2280 4302 2284 4302 2653 4284 2741 4302 2745 4302 2878 4277 3110 4277 3114 4247 3103 4170 2963 4188 2786 4166 2763 4166 2760 4166 2756 4166 2749 4166 2682 4188 2634 4166 2623 4162 2619 4162 2616 4162 2612 4162 2608 4162 2605 4166 2579 4188 2512 4166 2509 4166 2505 4166 2501 4166 2494 4166 2391 4188 2250 4166 2243 4166 2239 4166 2236 4166 2166 4192 1900 4192 1856 4170 1852 4170 1848 4170 1845 4170 1808 4188 1730 4166 1726 4166 1723 4166 1719 4166 1660 4192 929 4192 760 4162 756 4162 752 4162 749 4162 631 4188 583 4162 579 4162 409 4162 354 4177 354 4277"/></Shape>
	    <String CONTENT="mouſquer à Moncoutour, (qui luy teſmoignoit vne peur aſſeuree) luy hauſſa le coura¬"
                    HPOS="354"
                    VPOS="4162"
                    WIDTH="2760"
                    HEIGHT="144"
                    WC="0.9891176862376077"></String>
          </TextLine>
          <TextLine ID="line_50"
                    TAGREFS="LT8"
                    BASELINE="332 4291 623 4339 833 4350 3125 4336" 
                    HPOS="332"
                    VPOS="4255"
                    WIDTH="2793"
                    HEIGHT="147">
            <Shape><Polygon POINTS="332 4376 361 4376 365 4373 376 4376 653 4376 656 4376 708 4402 712 4402 715 4402 1634 4384 1845 4398 1848 4398 1937 4380 2575 4398 2579 4398 2708 4373 3055 4387 3059 4387 3062 4387 3125 4365 3125 4336 3118 4280 3025 4258 3022 4258 2918 4277 2896 4280 2889 4277 2848 4255 2845 4255 2841 4255 2837 4255 2782 4273 2664 4258 2660 4258 2656 4258 2616 4277 2594 4284 2512 4273 2413 4262 2409 4262 2405 4262 2365 4273 2321 4284 2262 4273 2210 4262 2206 4262 2151 4269 2073 4284 1929 4269 1852 4262 1848 4262 1811 4269 1734 4284 889 4266 885 4266 697 4288 616 4258 612 4258 608 4258 357 4258 332 4291 332 4376"/></Shape>
	    <String CONTENT="R Occaſion que ſon Excellence perſuadee que le bon heur le guidoit, reſolut de ne ſe¬"
                    HPOS="332"
                    VPOS="4255"
                    WIDTH="2793"
                    HEIGHT="147"
                    WC="0.9898176684099085"></String>
          </TextLine>
          <TextLine ID="line_51"
                    TAGREFS="LT8"
                    BASELINE="343 4373 546 4428 830 4446 3129 4435" 
                    HPOS="343"
                    VPOS="4350"
                    WIDTH="2786"
                    HEIGHT="148">
            <Shape><Polygon POINTS="343 4468 605 4468 619 4468 785 4498 789 4498 1247 4479 1361 4498 1365 4498 2132 4479 2398 4498 2402 4498 2568 4468 2623 4498 2627 4498 2631 4498 2634 4498 2638 4498 2682 4472 3007 4483 3011 4483 3125 4461 3129 4435 3121 4373 2738 4350 2734 4350 2730 4350 2726 4350 2708 4369 2690 4384 2619 4387 2291 4387 2202 4365 2180 4361 2177 4361 2173 4361 2166 4365 2118 4384 1966 4365 1963 4365 1786 4384 1734 4361 1723 4358 1719 4358 1715 4358 1712 4358 1701 4361 1634 4384 1527 4361 1524 4361 1520 4361 1464 4384 1413 4361 1409 4361 1405 4361 1402 4361 1350 4384 1217 4358 1210 4358 1206 4358 1199 4358 1077 4387 730 4387 678 4354 675 4354 671 4354 416 4354 343 4373 343 4468"/></Shape>
	    <String CONTENT="narner en lieu, que premier il n’euſt affronté l’armee Proteſtante. Son excellence donc"
                    HPOS="343"
                    VPOS="4350"
                    WIDTH="2786"
                    HEIGHT="148"
                    WC="0.9826447448947213"></String>
          </TextLine>
          <TextLine ID="line_52"
                    TAGREFS="LT8"
                    BASELINE="350 4465 380 4479" 
                    HPOS="332"
                    VPOS="4395"
                    WIDTH="73"
                    HEIGHT="118">
            <Shape><Polygon POINTS="350 4465 332 4498 354 4513 380 4479 405 4406 380 4395 350 4465"/></Shape>
	    <String CONTENT="s"
                    HPOS="332"
                    VPOS="4395"
                    WIDTH="73"
                    HEIGHT="118"
                    WC="0.9977418184280396"></String>
          </TextLine>
          <TextLine ID="line_53"
                    TAGREFS="LT8"
                    BASELINE="394 4487 734 4538 3114 4531" 
                    HPOS="394"
                    VPOS="4450"
                    WIDTH="2720"
                    HEIGHT="144">
            <Shape><Polygon POINTS="3107 4472 2568 4450 2564 4450 2380 4465 2273 4472 2243 4465 2206 4450 2202 4450 2199 4450 2132 4461 2081 4472 1988 4461 1918 4454 1915 4454 1852 4461 1749 4472 1708 4457 1693 4454 1690 4454 1686 4454 1627 4457 1487 4472 1461 4457 1457 4454 1453 4454 1450 4454 1446 4454 1413 4457 1284 4472 1262 4454 1258 4450 1254 4450 1250 4450 1247 4450 1217 4454 1132 4476 797 4476 398 4450 394 4487 394 4564 605 4564 671 4594 675 4594 678 4594 3110 4568 3114 4531 3107 4472"/></Shape>
	    <String CONTENT="mmanda qu’on luy ouuriſt le paſſage par la riuiere, &amp; qu’on y menaſt nombre d&#x27;har¬"
                    HPOS="394"
                    VPOS="4450"
                    WIDTH="2720"
                    HEIGHT="144"
                    WC="0.9914567586852283"></String>
          </TextLine>
          <TextLine ID="line_54"
                    TAGREFS="LT8"
                    BASELINE="335 4575 605 4623 785 4634 3121 4620" 
                    HPOS="335"
                    VPOS="4535"
                    WIDTH="2786"
                    HEIGHT="155">
            <Shape><Polygon POINTS="2697 4535 2693 4535 2557 4550 2313 4579 2029 4579 1896 4546 1885 4546 1881 4546 1878 4546 1874 4546 1804 4579 1505 4579 1457 4553 1453 4553 1450 4553 1446 4553 1383 4579 1298 4557 1295 4557 1291 4557 940 4579 907 4557 904 4557 900 4557 896 4557 712 4575 656 4542 653 4542 649 4542 361 4542 335 4575 335 4660 671 4660 678 4660 778 4690 782 4690 785 4690 1365 4671 1431 4686 1435 4686 1439 4686 1623 4664 1704 4686 1708 4686 1712 4686 2000 4668 2048 4686 2051 4686 2055 4690 2335 4690 2335 4686 2339 4686 2343 4686 2361 4668 2431 4686 2435 4686 2439 4686 2649 4653 2656 4653 2660 4653 2719 4675 2723 4675 2726 4675 2911 4653 2944 4679 2948 4679 2952 4679 2955 4679 3118 4649 3121 4620 3110 4553 2749 4553 2738 4550 2701 4535 2697 4535"/></Shape>
	    <String CONTENT="nrbuziers tant pour recognoiſtre Moncoutour &amp; ſes auenues, que pour ſonder quel¬"
                    HPOS="335"
                    VPOS="4535"
                    WIDTH="2786"
                    HEIGHT="155"
                    WC="0.9951040796935559"></String>
          </TextLine>
          <TextLine ID="line_56"
                    TAGREFS="LT8"
                    BASELINE="303 4693 771 4727 3114 4712" 
                    HPOS="293"
                    VPOS="4618"
                    WIDTH="2817"
                    HEIGHT="171">
            <Shape><Polygon POINTS="3060 4623 3044 4623 2966 4645 1555 4645 797 4629 791 4629 736 4629 714 4623 293 4618 298 4690 298 4756 348 4756 354 4739 404 4756 409 4756 1605 4789 1610 4789 3105 4750 3110 4706 3088 4623 3060 4623"/></Shape>
	    <String CONTENT="ll&#x27;autre paſſage pour les aller deffaire, pendant que leur duroit l&#x27;eſpouuãte de ſainct Cler."
                    HPOS="293"
                    VPOS="4618"
                    WIDTH="2817"
                    HEIGHT="171"
                    WC="0.978641927876371"></String>
          </TextLine>
          <TextLine ID="line_57"
                    TAGREFS="LT8"
                    BASELINE="346 4749 531 4804 841 4822 3110 4811" 
                    HPOS="346"
                    VPOS="4727"
                    WIDTH="2764"
                    HEIGHT="143">
            <Shape><Polygon POINTS="346 4841 893 4870 896 4870 2354 4852 2391 4852 2394 4852 2468 4867 2472 4867 2575 4852 2649 4841 2723 4852 2793 4863 2797 4863 2863 4852 2948 4837 2970 4852 2985 4867 2988 4867 2992 4867 2996 4867 3107 4852 3110 4811 3103 4749 2690 4727 2686 4727 2601 4745 2568 4749 2524 4741 2453 4734 2450 4734 2446 4734 2424 4741 2383 4760 2280 4741 2273 4741 2269 4741 2254 4741 2070 4760 2029 4741 2018 4734 2014 4734 2011 4734 2007 4734 1992 4738 1940 4760 1675 4738 1660 4738 1656 4738 1653 4738 1605 4763 1206 4763 1158 4738 1154 4738 1151 4738 1147 4738 1143 4738 1107 4763 955 4763 870 4738 867 4738 863 4738 738 4760 656 4730 653 4730 649 4730 645 4730 642 4730 568 4749 420 4730 346 4749 346 4841"/></Shape>
	    <String CONTENT="autre coſté les affaires n’eſtoient pas en tel eſtat qu&#x27;elles auoient eſté: &amp; ſembloit que"
                    HPOS="346"
                    VPOS="4727"
                    WIDTH="2764"
                    HEIGHT="143"
                    WC="0.9823809220739033"></String>
          </TextLine>
          <TextLine ID="line_60"
                    TAGREFS="LT8"
                    BASELINE="340 4914 3121 4907" 
                    HPOS="332"
                    VPOS="4811"
                    WIDTH="2784"
                    HEIGHT="155">
            <Shape><Polygon POINTS="2933 4811 2878 4811 2845 4811 2402 4833 2258 4839 332 4811 337 4911 337 4966 376 4961 387 4955 442 4961 464 4961 3110 4955 3116 4905 3110 4845 2983 4811 2933 4811"/></Shape>
	    <String CONTENT="fuuidlice, qui auoit iuſques là accompagné les Proteſtans, s&#x27;eſtoit vn petit eſcornee. Et de"
                    HPOS="332"
                    VPOS="4811"
                    WIDTH="2784"
                    HEIGHT="155"
                    WC="0.9644046746035839"></String>
          </TextLine>
          <TextLine ID="line_61"
                    TAGREFS="LT8"
                    BASELINE="310 4959 586 4999 900 5014 3121 5003" 
                    HPOS="309"
                    VPOS="4900"
                    WIDTH="2807"
                    HEIGHT="177">
            <Shape><Polygon POINTS="525 4911 470 4911 415 4911 359 4911 354 4900 315 4900 309 4955 309 5033 354 5033 359 5027 392 5038 719 5071 725 5077 3027 5077 3027 5071 3033 5071 3116 5038 3116 4999 3099 4927 586 4927 564 4911 525 4911"/></Shape>
	    <String CONTENT="llr, dés la charge de ſainct Cler les Proreſtans commencerent à s&#x27;eſtonner, &amp; preuoir que"
                    HPOS="309"
                    VPOS="4900"
                    WIDTH="2807"
                    HEIGHT="177"
                    WC="0.976137448143173"></String>
          </TextLine>
          <TextLine ID="line_62"
                    TAGREFS="LT8"
                    BASELINE="335 5033 487 5080 760 5106 3118 5092" 
                    HPOS="335"
                    VPOS="5007"
                    WIDTH="2783"
                    HEIGHT="162">
            <Shape><Polygon POINTS="2494 5007 2490 5007 2302 5036 2232 5047 1911 5047 1878 5033 1845 5018 1841 5018 1837 5018 1730 5029 1571 5047 1524 5025 1501 5018 1498 5018 1494 5018 1490 5018 1472 5025 1439 5044 1298 5029 1295 5029 1166 5051 1059 5029 1055 5029 1051 5029 1000 5055 763 5055 704 5018 701 5018 697 5018 405 5014 335 5033 335 5132 730 5139 763 5165 767 5165 771 5165 774 5169 1372 5169 1372 5165 1376 5165 1420 5147 1586 5162 1590 5162 1594 5162 1597 5162 1627 5139 1738 5162 1741 5162 1745 5162 1811 5139 2184 5162 2188 5162 2306 5136 2313 5136 2317 5136 2372 5158 2376 5158 2380 5158 2498 5136 2527 5132 2546 5136 2608 5158 2612 5158 2616 5158 2715 5136 2741 5132 2804 5136 3033 5158 3036 5158 3040 5158 3118 5136 3118 5092 3114 5044 3073 5021 3070 5021 3066 5021 3062 5021 3059 5021 3018 5044 2981 5018 2977 5018 2974 5018 2970 5018 2966 5018 2904 5044 2819 5014 2815 5014 2811 5014 2808 5014 2719 5044 2712 5044 2708 5044 2653 5014 2649 5014 2645 5014 2546 5025 2498 5007 2494 5007"/></Shape>
	    <String CONTENT="mas forces &amp; moyens n’eſtoient pas ſi grans qu’ils auoient parauant imaginé. Occaſion"
                    HPOS="335"
                    VPOS="5007"
                    WIDTH="2783"
                    HEIGHT="162"
                    WC="0.9840045086173124"></String>
          </TextLine>
          <TextLine ID="line_63"
                    TAGREFS="LT8"
                    BASELINE="339 5136 531 5184 763 5202 3121 5187" 
                    HPOS="339"
                    VPOS="5106"
                    WIDTH="2782"
                    HEIGHT="148">
            <Shape><Polygon POINTS="339 5228 634 5228 660 5232 815 5254 819 5254 1516 5232 1560 5232 1568 5232 1649 5250 1653 5250 2361 5246 2365 5246 2369 5246 2387 5232 2405 5224 3114 5232 3121 5187 3110 5128 2948 5136 2863 5125 2723 5106 2719 5106 2638 5125 2616 5128 2612 5125 2590 5106 2586 5106 2583 5106 2476 5106 2472 5106 2468 5106 2428 5121 2413 5128 2258 5121 2206 5121 2202 5121 2199 5121 2195 5121 2169 5139 2118 5121 2095 5114 2092 5114 2088 5114 2018 5121 1863 5139 1830 5121 1830 5117 1826 5117 1822 5117 1819 5117 1815 5117 1808 5121 1763 5143 1250 5143 1199 5121 1195 5121 1191 5121 1084 5147 763 5147 704 5114 701 5114 402 5114 339 5136 339 5228"/></Shape>
	    <String CONTENT="dde le tout eſtant mis en deliberation de conſeil, dés qu’ils furent aſſemblez à Moncou¬"
                    HPOS="339"
                    VPOS="5106"
                    WIDTH="2782"
                    HEIGHT="148"
                    WC="0.978429835372501"></String>
          </TextLine>
          <TextLine ID="line_65"
                    TAGREFS="LT8"
                    BASELINE="321 5239 597 5287 826 5298 3073 5287 3123 5276" 
                    HPOS="315"
                    VPOS="5187"
                    WIDTH="2806"
                    HEIGHT="166">
            <Shape><Polygon POINTS="3088 5215 819 5215 337 5187 315 5237 315 5320 2291 5353 2297 5353 3038 5348 3044 5348 3121 5315 3121 5270 3116 5259 3088 5215"/></Shape>
	    <String CONTENT="Our, fut reſolu de temporiſer &amp; refuſer la bataille, en cas que l&#x27;Excellence la vouluſt don¬"
                    HPOS="315"
                    VPOS="5187"
                    WIDTH="2806"
                    HEIGHT="166"
                    WC="0.98575259745121"></String>
          </TextLine>
          <TextLine ID="line_66"
                    TAGREFS="LT8"
                    BASELINE="317 5338 594 5383 870 5394 3110 5375" 
                    HPOS="315"
                    VPOS="5287"
                    WIDTH="2790"
                    HEIGHT="166">
            <Shape><Polygon POINTS="315 5337 315 5420 359 5420 365 5414 409 5425 736 5453 741 5453 3099 5420 3105 5370 3088 5293 769 5315 337 5287 315 5337"/></Shape>
	    <String CONTENT="M, iuſques à ce que toutes leurs forces fuſſent vnies. Tout le ſecond iour ſe paſſa en eſcar¬"
                    HPOS="315"
                    VPOS="5287"
                    WIDTH="2790"
                    HEIGHT="166"
                    WC="0.9824941348522267"></String>
          </TextLine>
          <TextLine ID="line_67"
                    TAGREFS="LT8"
                    BASELINE="332 5412 512 5468 749 5486 3132 5471" 
                    HPOS="332"
                    VPOS="5394"
                    WIDTH="2800"
                    HEIGHT="188">
            <Shape><Polygon POINTS="332 5556 490 5571 494 5571 498 5571 523 5560 560 5541 804 5541 833 5560 841 5567 845 5567 848 5567 852 5567 933 5560 1036 5549 1055 5560 1088 5582 1092 5582 1095 5582 1099 5582 1103 5582 1162 5560 1184 5552 1236 5560 1372 5582 1376 5582 1738 5578 1837 5564 1915 5549 1970 5564 2007 5571 2011 5571 2014 5571 2018 5571 2048 5564 2088 5549 2121 5564 2147 5575 2151 5575 2155 5575 2158 5575 2199 5564 2273 5541 2357 5564 2402 5575 2405 5575 2409 5575 2472 5564 2616 5534 2686 5564 2712 5575 2715 5575 2719 5575 2723 5575 2726 5575 2741 5564 2793 5534 2988 5534 3129 5564 3132 5471 3121 5398 756 5420 719 5394 715 5394 712 5394 708 5394 704 5394 660 5412 634 5394 631 5394 627 5394 398 5394 332 5412 332 5556"/></Shape>
	    <String CONTENT="PSuches des harquebuxiers, les vns voulans garder le paſſage de lariuiere, que les autres"
                    HPOS="332"
                    VPOS="5394"
                    WIDTH="2800"
                    HEIGHT="188"
                    WC="0.9702277906825033"></String>
          </TextLine>
        </TextBlock>
        <TextBlock HPOS="3115"
                   VPOS="1801"
                   WIDTH="359"
                   HEIGHT="187"
                   ID="block_9"
                   TAGREFS="BT2523">
          <Shape><Polygon POINTS="3474 1801 3474 1988 3115 1988 3115 1801"/></Shape>
          <TextLine ID="eSc_line_d5939f4f"
                    TAGREFS="LT8"
                    BASELINE="3113 1863 3158 1850 3446 1850" 
                    HPOS="3105"
                    VPOS="1742"
                    WIDTH="337"
                    HEIGHT="155">
            <Shape><Polygon POINTS="3105 1814 3110 1858 3110 1897 3437 1897 3442 1847 3437 1769 3105 1742 3105 1814"/></Shape>
	    <String CONTENT="Segraitemuut¬"
                    HPOS="3105"
                    VPOS="1742"
                    WIDTH="337"
                    HEIGHT="155"
                    WC="0.9112751025419968"></String>
          </TextLine>
          <TextLine ID="line_30"
                    TAGREFS="LT8"
                    BASELINE="3125 1913 3439 1924" 
                    HPOS="3121"
                    VPOS="1862"
                    WIDTH="318"
                    HEIGHT="177">
            <Shape><Polygon POINTS="3125 1913 3121 1968 3202 1972 3225 1994 3262 2027 3262 2031 3265 2031 3269 2031 3428 2039 3439 1924 3435 1862 3125 1862 3125 1913"/></Shape>
	    <String CONTENT="te derrurgras,"
                    HPOS="3121"
                    VPOS="1862"
                    WIDTH="318"
                    HEIGHT="177"
                    WC="0.8033736348152161"></String>
          </TextLine>
        </TextBlock>
        <TextBlock HPOS="3113"
                   VPOS="2841"
                   WIDTH="354"
                   HEIGHT="231"
                   ID="block_8"
                   TAGREFS="BT2523">
          <Shape><Polygon POINTS="3467 2841 3467 3072 3113 3072 3113 2841"/></Shape>
          <TextLine ID="eSc_line_e9699a91"
                    TAGREFS="LT8"
                    BASELINE="3109 2896 3155 2887 3424 2887" 
                    HPOS="3099"
                    VPOS="2782"
                    WIDTH="321"
                    HEIGHT="160">
            <Shape><Polygon POINTS="3105 2892 3105 2942 3415 2931 3420 2881 3415 2815 3260 2782 3254 2782 3099 2815 3105 2892"/></Shape>
	    <String CONTENT="Monferæ¬"
                    HPOS="3099"
                    VPOS="2782"
                    WIDTH="321"
                    HEIGHT="160"
                    WC="0.9850717186927795"></String>
          </TextLine>
          <TextLine ID="line_43"
                    TAGREFS="LT8"
                    BASELINE="3121 2957 3442 2957" 
                    HPOS="3121"
                    VPOS="2901"
                    WIDTH="321"
                    HEIGHT="118">
            <Shape><Polygon POINTS="3121 2957 3121 3012 3310 2997 3439 3019 3442 2957 3439 2901 3121 2905 3121 2957"/></Shape>
	    <String CONTENT="pé au lieu de la"
                    HPOS="3121"
                    VPOS="2901"
                    WIDTH="321"
                    HEIGHT="118"
                    WC="0.9746200827991262"></String>
          </TextLine>
          <TextLine ID="eSc_line_2b6dbc70"
                    TAGREFS="LT8"
                    BASELINE="3112 3026 3339 3027" 
                    HPOS="3110"
                    VPOS="2953"
                    WIDTH="227"
                    HEIGHT="160">
            <Shape><Polygon POINTS="3221 2958 3166 2958 3110 2953 3110 3025 3110 3080 3221 3113 3226 3113 3232 3113 3238 3113 3337 3080 3337 3025 3337 2964 3221 2958 3221 2958"/></Shape>
	    <String CONTENT="rencentre."
                    HPOS="3110"
                    VPOS="2953"
                    WIDTH="227"
                    HEIGHT="160"
                    WC="0.9553691923618317"></String>
          </TextLine>
        </TextBlock>
        <TextBlock HPOS="3116"
                   VPOS="3865"
                   WIDTH="290"
                   HEIGHT="165"
                   ID="eSc_textblock_77d81158"
                   TAGREFS="BT2523">
          <Shape><Polygon POINTS="3406 3865 3406 4030 3116 4030 3116 3865"/></Shape>
          <TextLine ID="eSc_line_3b3160e8"
                    TAGREFS="LT8"
                    BASELINE="3142 3891 3166 3904 3380 3912" 
                    HPOS="3132"
                    VPOS="3755"
                    WIDTH="244"
                    HEIGHT="210">
            <Shape><Polygon POINTS="3132 3943 3365 3965 3376 3910 3376 3810 3155 3755 3138 3888 3132 3943"/></Shape>
	    <String CONTENT="Pefein a¬"
                    HPOS="3132"
                    VPOS="3755"
                    WIDTH="244"
                    HEIGHT="210"
                    WC="0.8442506856388516"></String>
          </TextLine>
          <TextLine ID="eSc_line_6052eb41"
                    TAGREFS="LT8"
                    BASELINE="3127 3970 3339 3978" 
                    HPOS="3110"
                    VPOS="3904"
                    WIDTH="227"
                    HEIGHT="188">
            <Shape><Polygon POINTS="3121 3960 3121 3965 3110 4092 3332 4065 3337 3976 3332 3915 3171 3904 3121 3960"/></Shape>
	    <String CONTENT="Meuſer."
                    HPOS="3110"
                    VPOS="3904"
                    WIDTH="227"
                    HEIGHT="188"
                    WC="0.7990006421293531"></String>
          </TextLine>
        </TextBlock>
        <TextBlock HPOS="3118"
                   VPOS="5204"
                   WIDTH="345"
                   HEIGHT="190"
                   ID="block_7"
                   TAGREFS="BT2523">
          <Shape><Polygon POINTS="3463 5204 3463 5394 3118 5394 3118 5204"/></Shape>
          <TextLine ID="eSc_line_222350cc"
                    TAGREFS="LT8"
                    BASELINE="3124 5276 3158 5269 3446 5272" 
                    HPOS="3116"
                    VPOS="5193"
                    WIDTH="326"
                    HEIGHT="116">
            <Shape><Polygon POINTS="3121 5265 3121 5270 3116 5309 3437 5304 3442 5270 3442 5198 3121 5193 3121 5265"/></Shape>
	    <String CONTENT="Beſſein despre¬"
                    HPOS="3116"
                    VPOS="5193"
                    WIDTH="326"
                    HEIGHT="116"
                    WC="0.9615260124206543"></String>
          </TextLine>
          <TextLine ID="line_68"
                    TAGREFS="LT8"
                    BASELINE="3132 5331 3302 5339" 
                    HPOS="3129"
                    VPOS="5276"
                    WIDTH="173"
                    HEIGHT="129">
            <Shape><Polygon POINTS="3132 5331 3129 5405 3298 5398 3302 5339 3298 5291 3132 5276 3132 5331"/></Shape>
	    <String CONTENT="nfiens."
                    HPOS="3129"
                    VPOS="5276"
                    WIDTH="173"
                    HEIGHT="129"
                    WC="0.935079676764352"></String>
          </TextLine>
        </TextBlock>
      </PrintSpace>
    </Page>
  </Layout>
</alto>
