4096 5792
969 276 792 180 Iuin, M.B.LVIX.

2373 276 525 184 LIVRE

1358 424 2406 164 retour nans par fois ioyeux, par fois matris, comme veut

1358 550 2406 154 le train inconſtant de la guerre, ſe firent remarquer de

1362 659 2402 164 tous pour diligens, & affectiõnez au ſeruice de Mõſieur.

1362 775 2405 145 Et d’autant que ces petites & legieres attaques occaſiõ¬

1362 878 2408 148 nerent en fin l’iſſue d’vne braue, & fort notable rencon

1358 994 2412 148 tre:ie ne paſſeray outre ſans vous diſcourir au vray, com¬

1358 1106 1691 145 me l’vne & l’autre part s’y ſont portees.

1378 1206 2386 161 Monſieur auoit ſon camp eſtendu ſur vne aſſez large

1355 1325 2415 148 plaine entrerompue en quelques endroits par petis val¬

1355 1435 2415 144 lons & coſtaux, dont les pentes ſe mõſtroyent aſſez dou¬

1349 1544 2415 145 ces & aiſees, pour y eſtendre aiſeement toutes ſes trou¬

1355 1653 2409 145 pes. Son camp foſſoyé & trenché à l’accouſtumè, fors

1355 1760 2412 161 les bornes qui regardoyent ſaint Yrier: eſquelles la plai¬

1352 1872 2412 142 ne finiſſoit en vne grande & baſſe deſcente, qui faiſoyent

1349 1982 2434 148 reſſembler les auenues fort mal-aiſees à ceux qui l’euſ¬

1352 2088 2415 154 ſent voulu aborder. Ceſte deſcente finiſſoit en vn aſſez

1355 2207 2409 138 plaiſant vallõ: lequel donnoit commencement à vne au¬

1349 2310 2421 151 tre mõtagne, ſur laquelle le grand Maiſtre de l’Artillerie

1352 2419 2418 155 logea ſes pieces, ſous l’aſſeurance des Suiſſes, & quelques

1349 2532 2415 151 harquebuziers François, pour la garde d’icelle: qui luy

1346 2645 2415 148 ſeruit comme vous entendrez. Le pied de ce mont eſtoit

1352 2754 2409 154 borné d’vn eſtang, qu’vne riuierote & maintes ſources vi

1352 2863 2415 152 ues y compoſoyent. En ce vallon, & au pied d’vn grand

1346 2979 2415 151 chaſtaignier, Monſieur y voulut aſſeoir vn Corps de gar

1352 3092 2405 145 de, qu’il dreſſa de deux Regimens pietons, autrefois cõ¬

1349 3195 2408 148 mandez par le feu Comte de Briſſac. C’eſtoyent ( ſi i’ay

1349 3304 2418 148 bonne memoire) les Capitaines la Barthe, & Gohas, qui

1349 3417 2418 151 portoyent encores le dueil de leur braue Colonel: leſ¬

1349 3526 2415 151 quels ayans planté leurs enſeignes par delà la chauſſee

1346 3636 2418 151 de ceſt eſtang, auoy ent pour defenſes & gabionnades (en

1339 3742 2422 164 cas qu’ils fuſſent aſſaillis) force palliſſades, hayes, & cha¬

1342 3861 2419 154 ſtaigniers, qui ſont aſſez communs en ce pays, pour eſtre

1342 3970 2422 145 tout couuert de ceſte ſorte d’arbres. Et d’ailleurs les aſ¬

1342 4076 2422 136 ſeuroit-on d’eſtre ſecourus de la Cauallerie, & rafraiſ¬

1346 4186 2418 154 chis d’vn bon nombre de Fantaſsins, s’ils en auoyent

1352 4302 383 132 meſtier.

1458 4401 2309 165 Les courſes cy deuant mentionnees furent occaſion,

1352 4524 2405 144 que ceux qui furent employez en telles attaques: s’auan¬

1358 4630 2403 141 çans ſur les Catholiques, deſcouurirent ce Corps de gar

1358 4746 2403 180 de qui de prime veuë, leur ſembla beaucoup plus gros

3548 4839 222 180 qu’il
