4096 6907
1042 408 1440 242 Sous François II.

2799 448 248 179 681

409 702 2615 190 termination d’vn ſainct & libre Concile,

409 840 2621 224 auquel ils eſperoyent, Dieu aidant, auoir

385 1001 2650 207 gain de cauſe, & que lors ſa Maieſté co¬

409 1197 2621 172 noiſtroit qu’il n’auoit en ſon Royaume de

414 1335 2604 230 plus humbles, obeiſſans & affectionnez ſu¬

409 1508 2626 207 iets. Ceux qui eſtoyent enuoyez en ceſte

414 1669 2598 201 aſſemblee de la part de ceux de Guiſe fu¬

385 1847 2627 196 rent merueilleuſement eſtonnez de voir ce

403 2003 2621 207 ieune homme parler d’vne telle hardieſſe.

409 2164 2632 195 Car auec la crainte qu’ils auoyent que lon

391 2325 2627 224 propoſaſt quelque choſe à Paris contre leur

397 2526 2615 190 authorité, & du fait de la Religion, ſachans

409 2670 2609 196 bien que le train que prenoit Paris eſtoit

380 2826 2632 224 couſtumierement ſuyui par les autres Pro¬

397 2981 2615 213 uinces, & que la determination des Eſtats

391 3165 2639 213 eſtoit d’vn grand poids, ils s’imaginerent

409 3309 2598 213 vn autre inconuenient, & que ceſte pro¬

420 3465 2581 241 cedure des Huguenots n’eſtoit ſans nou¬

385 3649 2616 213 uelles entrepriſes. Dequoy le Cardinal

397 3781 2615 230 aduerti, & que le ſemblable eſtoit adue¬

391 3954 2610 230 nu par la plus part de toutes les autres bon¬

391 4132 2621 207 nes villes du Royaume, il aduiſa de faire de¬

385 4276 2616 242 fendre aux Eſtats de parler aucunement

397 4431 2564 254 du faict de la Religion, & de mander par¬

368 4604 2610 248 tout qu’on miſt en priſon, ou qu’on fiſt

385 4771 2587 213 mourirtous ceux qui auoyent oſé tenir tels

397 4921 2604 253 propos & y adherer. Parquoy, auec ce

380 5099 2609 242 que Cappel & ſes compaignons ne peurent

385 5260 2604 225 obtenir d’inſerer leurs ſupplications au ca¬

397 5381 2598 253 yer des Eſtats particuliers de Paris, ce fut à

391 5537 2593 339 eux à deſloger. Ce neãtmoins ils ne laiſſerẽ́t

3087 1709 438 150 Tout hom

3076 1824 380 127 me meſ¬

3087 1928 363 155 chant eſt

3070 2037 403 173 ſoupſon¬

3076 2175 259 179 neux.
