4096 6540
494 432 2803 171 des François bons Chreſtiens, que des Goths heretiques, deſpecha vn gentil-homme

490 541 2775 142 de ſa maiſon appellé Paterne vers Alaric pour ſe plaindre de cecy, & aſſeurer le Gotb

490 632 2760 145 qu’il ne vouloit aucunement rompre ny troublet la paix qui eſtoit entre eux: & afin de

490 723 2758 138 luy donner plus d’aſſeurance de ſa volonté, le prioit qu’il trouuaſt lieu d’abouchemẽt

487 810 2783 131 là où eux-deux peuſſent ſaſſembler, & paiſiblement vuider tous differents qui pour¬

487 897 2776 131 rovent eſtre ſuruenus depuis leur dernier parlement enſemble. Le Wiſigoth feit ſem¬

487 984 2769 138 blant de prendre plaiſir à ceſte ouuerture, & aſſigna lieu, & iour pour leur entre-veüe,

487 1082 2780 124 diſant qu’il y viendroit ſans armes, & à peu de ſuite, priant Paterne que Clouis feit le

487 1180 2780 113 ſemblable. Ce que Clouis promit de faire, & l’eut executé, ſi le meſme Seigneur Gau¬

487 1251 2748 133 lois Paterne ne fut retourné vers le Viſigoth pour voir ſa contenance, & equipa¬

490 1333 2745 160 ge: & ſans mentir ſ’il ne fut venu, & n’eut veu l’appareil d’Alarich, c’eſtoit fait de Clo¬

487 1426 2751 139 uis, & des Seigneurs de ſa compaignie: car bien que les Goths veinſſent ſans lances ny

490 1536 2766 117 eſpees, ſi eſt-ce que chacun d’eux auoit comme vn maillet, ou maſſe de fer, auec le¬

490 1616 2766 131 quel inſtrument ils euſſent maſſacré, & le Roy Cloüis, & les Seigneurs de France, ce

490 1700 2766 131 que deſcouuert par Paterne, & ayant accuſé Alarich de deſloyauté, la choſe alla ſi a¬

494 1805 2744 124 uant que les deux Roys ſe rapporterent de leur querelle, & different à Theodorich

494 1878 2718 123 Oſtrogoth Roy d’Italie: lequel iugeant en faueur des François, que Paterne tien¬

490 1972 2739 124 droit vne lance droite deuant la tente d’Alarich ſur laquelle les Goths ietteroyent

490 2063 2736 117 tant de pieces d’argent monnoyé iuſqu’à ce que la lance en fut toute couuerte, pour

490 2143 2736 127 amende de la felonnie de leur Prince. Les Wiſigoths voyans l’impoſſibilité du paye¬

494 2245 2733 134 ment, & ayans honte d’eſtre ainſi infamez, en lieu de ſexcuſer, feirent pluſieurs griefs,

497 2321 3021 138 & iniures aux meſſagers François: dequoy aduerty Clouis, ſe reſolut de ne plus at-Guerreon¬

501 2430 2711 109 tendre,ny differer la guerre, ny laiſſer les occaſions qu’il auoit de ſe venger de tant de

519 2503 2730 127 torts que le Viſigoth luy auoit taſché de faire. Et quoy (diſoit-il) ſera il ouy que les

512 2608 2733 109 François ayent ſi peu de cœur que de ſouffrir les Arriẽs ſi pres deux, & d’endurer que

501 2681 2744 131 les heretiques ſoyent poſſeſſeurs de la plus belle partie des Gaules? Et quoy (vail¬

497 2783 2708 114 lans François) eſt il poſſible que vous laiſſies ainſi paſſer vne telle brauade faite à vo¬

497 2866 2708 131 ſtre Roy, & à toute la nation par ce tyran & barbare Wiſigoth, que ſans reſpecter ny

501 2962 2704 115 voſtre generoſité, ny noſtre puiſſance, il aye ſi mal-traité celuy que nous leur a¬

501 3041 2744 116 uions enuoyé pour embaſſade? Mais qu’ay-ie dit brauade? ce n’eſt pour nous brauer

501 3135 2740 116 qu’ils ont fait ce beau coup, ains de crainte qu’ils ont de voſtre hardieſſe: car ſi par ru¬

497 3219 2744 123 ſe, & ſurpriſe ils ont attaqué noſtre meſſager, & n’ont peu endurer ſa preſence; cõme

501 3320 2744 117 penſez vous qu’ils puiſſent auoir encor le cœur de nous attendre l’eſpee au poing

501 3418 2748 91 en pleine campaigne? Non non:tout ainſi qu’ils ſont cruels & ſans reſpect, ny courtoi¬

501 3488 2755 112 ſie, auſſi ſont ils ſans hardieſſe ny dexterité au fait de la guerre: non pourtant veux-je

497 3575 2759 123 bien que vous ſçachiez que les Goths ſont farouches, & furieux, & qu’il vous fault les

501 3669 2751 113 combattre non tant pour la deffence de voz femmes, & enfans, & ſubſtances ou pour

494 3753 2762 112 acquerir leuts theſors & richeſſes: ains pour la cauſe de Dieu, & pour ſouſtenir l’inſe¬

501 3841 2745 133 parable vnité de la ſaincte Trinité, que ceux-cy font ſeparable par leur erreur, & per¬

501 3942 2742 104 uerſité treſ-abominable. Voyez combien iuſte eſt voſtre querelle puis que c’eſt pour

505 4036 2738 120 l'honneur de Dieu que vous allez à la guerre:& combien equitable voſtre courroux,

501 4112 2742 120 puis que pour la deffence des loix militaires communes à toutes natiõs vous eſtes ar¬

505 4203 2762 109 mez, afin de faire voir à chacun que ceux là doiuent eſtre francs de toute iniure, leſ¬

505 4294 2744 120 quels ſont comme arbitres, & mediateurs entre les Princes qui ont debat enſemble.

508 4396 2748 94 Allons donc(vaillans François) marchons (Gaulois genereux)appuyez de la faueur ce¬

508 4461 2744 120 leſte, laquelle ne ſçauroit nous manquer, ayans Dieu pour ſupport, & les loix qui iuſti¬

508 4556 2741 112 ſient noſtre cauſe:allons les querir iuſques en Aquitaine,paſſons le Loire, car auſſi bien

512 4650 2729 116 que le Rhin à ſenty l’effort de noz mains, & que le Rhoſne, & la Saone ont veu quelles

508 4741 2733 113 ſont voz forces, & la Durance experimẽté voſtre puiſſance,que les champs Aquitani¬

512 4828 2733 106 ques, les fleuues de Garõne, Cherante Vienne, Tarn, Wiſere, & Dordonne teſmoignẽt

512 4901 2733 127 à la poſterité que les François Chreſtiens, & catholiques, ont vaincu là les Goths def¬

505 5003 2736 127 fenſeurs de l’Arrianiſme. Ces propos furent ſi bien recueillis de toute l’armee, qui n’y

505 5090 2740 134 eut pas vn ſoldat qui ne ſouhaitaſt d’eſtre deſia aux mains auec les Goths pour venger

501 5173 2744 131 les anciennes iniures faites à leurs amys, & chaſſer de Gaule la peruerſité de l’Arria¬

501 5275 2759 116 niſme. Ce fut en l’an de grace cinq cens & neuf que Clouis ſe mit aux champs contre

501 5355 2744 174 le Viſigoth, & ſachemina vers Poitiers, où Alarie f'eſtoit retiré pour aſſembler ſes

1242 316 1345 159 ELOVIS. LIVRIE I.

3096 316 244 152 27

3307 327 225 207 Fatem¬

3234 428 298 164 d'etcris.

3249 561 192 107 Clouc

3254 628 278 127 vers Ala

3255 729 95 124 ric.

3242 1249 272 119 Ruſe &

3242 1340 239 106 trahiſon

3238 1420 280 122 dAlaric.

3245 1802 269 167 Tuſte iuge¬

3234 1918 244 98 ment de

3232 1979 264 117 Theodorie

3234 2075 262 91 Oftrogosh

3234 2153 280 101 Roy d’Ita¬

3234 2245 87 109 lie¬

3238 2398 276 90 uerte entre

3231 2459 276 98 Clouis &

3240 2525 212 105 Alaric.

3222 2783 281 116 Harangue

3222 2870 307 103 de Clouis

3222 2961 299 110 aux Fran.

3245 3840 273 134 Embafaid.

3247 3958 267 89 ne doiuent

3247 4040 267 116 eſtre vie¬

3247 4112 118 120 lez

2802 5450 232 141 G iij
