1991 2647
824 254 328 81 May, M. D.LXX.

1343 260 174 57 LIVRE

941 313 986 69 teaux couuerts,) eſquelles auec quelque centaine

941 373 986 57 de harquebuz iers ll auort accomode hombre de pie¬

949 416 983 66 ces, pour y defendre le paſſage, qui d’ailleurs auoit

944 466 991 69 auerti les troupes & garniſons prochaines ſe tenir en

944 511 966 65 eſtat, pour y preſter main forte, ſi beſoin eſtoit.

974 560 964 64 C’eſtoyent les occaſions qui faiſoyent douter Mõ¬

946 608 993 55 brun de l’euenement de ſon entreprinſe. Toutesfois

949 654 987 68 pour ſe voir neceſſité à cela (car le long ſeiour ne luy

950 702 989 59 valloit rien ) ioint que l’homme reſolu qui poſtpoſe

949 752 993 59 la vie: d’ailleurs incertaine, au honteux euenement

950 798 992 59 d’vn haut & dangereux cenera, ne trouue rien impoſ¬

949 845 997 59 ſible que ce que l’hõneur interdit: ſe ferma là de paſ¬

950 894 993 66 ſer à tous hazards. Or ne pouuoit-il gaigner l’autre

952 944 999 61 riue que par bateaux, leſquels iour & nuit euſſent e¬

953 992 993 55 ſté enfondrez, ou mis en mille pieces par ces Frega¬

956 1038 989 63 tes: & quand elles n’y euſſent voulu faire que regar¬

955 1088 993 54 der, il n’euſt ſceu paſſer cent hommes en quatre

956 1132 992 59 heures ſur deux ou trois petis bateaux que les Pouſi¬

957 1182 992 56 nois luy auoyent fourni, pour la largeur & violente

957 1226 989 68 rapidité du fleuue. Cependant les Vedetes des Frega¬

959 1276 990 57 tes euſſent aiſeement deſcendu pour les empeſcher

963 1327 652 59 de mettre pied à terre du bateau.

1009 1370 940 65 S’eſtre ainſi chargé l’imaginatiue de tous ces incõ¬

963 1420 988 56 ueniens, & reſolu de rompre la force inſenſible de ce

963 1470 986 54 Fleuue, par vne contre-force animee des ſiens, s’a¬

965 1514 986 58 uiſa deſleuer vn fort ſur le bord du Roſne, targez du¬

966 1563 988 59 quel les harquebuziers qu’il y mettroit empeſche¬

968 1614 984 55 royent que les Fregates ne deſcendiſſent pour nuire

969 1661 977 53 aux ſiens quand ils voudroyent prendre terre: ou

971 1707 977 59 que deſcendus d’celles ils ne vouluſſent paſſer l’eau,

972 1755 982 62 pour nuire au Pouſin. En peu de temps le Fort fut cõ

971 1804 986 56 duit ſur la derniere riue, de forme carree, dont les

969 1851 985 57 coins auancez ſur leurs courtines en forme de baſtiõs

971 1901 987 59 defendoyent la place de tous coſtez: au reſte bient

972 1947 977 63 foſſoyé, & d’vne ſeule auenue, qui regardoit le Pou¬

971 2002 984 78 ſin, auquel trente ou quarante narqueburlers pores

1886 2049 65 56 ne

775 376 157 50 Moyé pour

776 423 146 43 garder le

775 449 157 56 paſſage d'¬

778 488 170 47 vne riuiere
