1192 1885
236 82 99 55 108

430 75 414 74 Hiſtoire de la guerre

231 144 795 75 Bernard auec ſon armée: le Roy

232 214 800 72 auoit enuoyé Monſieur le Comte

232 282 798 68 de Soiſſons (aux non moins nota¬

231 347 798 73 bles vertus, que ſi ſouuent teſmoi¬

233 414 799 78 gnée fidelité duquel il ſe repoſoit

233 484 797 68 du tout) auec la caualerie vers Beau

232 551 797 73 fort: tant pour s’aſſeurer du paſſa¬

233 619 799 77 ge, que pour eſlargir l’armée, y faire

235 691 794 66 viure la caualerie plus commodé¬

231 756 800 73 ment, & au reſte ſ’y porter ſelon les

234 823 799 70 occaſions, attendant ſa venuë. Et

233 889 798 71 en meſme temps deſpecha le ſieur

229 954 800 74 Deſdiguieres à Monſtiers auec nõ¬

231 1026 799 72 bre de troupes pour arreſter l’en¬

231 1093 801 69 nemi & faire la guerre à l’œil. Peu

230 1159 803 76 apres le ſieur Deſdiguieres aduertit

230 1228 803 72 le Roy, que le Duc s’auançoit par le

239 1292 793 75 Val d’Oſte, paſſoit le Mont ſainct

232 1361 799 73 Bernad, & s’eſtoit logé à Eſme. Ce

231 1431 799 69 qui occaſionna le Roy, de mander

228 1493 802 78 ſoudain à Mõſeigneur de Soiſſons,

234 1564 797 84 qu’il s’acheminaſt à Monſtiers, ce

915 1627 114 104 qu’il
