4096 5812
671 358 220 103 Feurier,

739 439 171 93 1568.

1692 251 1531 184 L'HISTOIR E FRANCE.

969 384 2842 164 d'Yone pour y auoir Auxerre à leur deuotion: auſſi bien que du Loing lequel paſſé, les voila

972 497 2839 148 en Gaſtinois & vnies campagnes de la Beauſſe pour puis apres donner en France en toute li¬

972 577 2839 155 berté. Ainſi reſolus & acheminez vers le haut de la Meuſe laiſſerent Commercy à droite &

972 678 2846 145 ſuiuant l’entredeux de Ianuille & Chaumont: (la garniſon duquel ſortit ſur eux & deffiſt

975 765 2843 161 quelques François) allerent paſſer Marne pres ſa ſource à Marné aſſez pres de Langres,puis

975 855 2846 142 coſtoyans Arques furent contraints monter au deſſus de Chaſtillon & non trop loin de ſaint

975 942 2846 146 Seyne où prend la riuiere de Paris ſes premieres eaux: pour les fortes garniſons qui eſtoient

975 1042 2849 136 à Chaſtillon, Troyes, & autres places. Meſmes pource qu’aucunes troupes paſſerent plus

978 1123 2849 145 bas à Muſſy l’Eueſque & pres Chaſtillon au lieu ou les ltaliens qui y eſtoient en garniſon a¬

982 1214 2845 145 uoient jetté grand nombre de chauſſetrapes pour y enclouër les cheuaux, & cependant ſor¬

988 1310 2843 149 tir & donner deſſus à tout auantage:ils furent retardez quelque temps à ce paſſage:car auer¬

982 1407 2849 132 ris par les premiers qui au malheur de leurs cheuaux auoient deſcouuert la ruze Italienne,

988 1485 2849 158 que les Catholiques leur vouloient defendre ce paſſage: ſe mirent en eſtat de defence pen

988 1572 2849 145 dant qu’on faiſoit netoyer la riuiere par raſteaux qui emporterent les chauſſetrapes. Ne fu¬

988 1656 2852 155 rent ſi toſt paſſez toutesfois que trois ou quatre compagnies d’Italiens & quelques François

988 1756 2852 152 ſuiuis de bon nombre d’harquebuz iers ſortent pour leur donner en queuë & les haſter d’al¬

991 1834 2853 174 ler. Dequoy auerti le Prince qui eſtoit à Ancy le franc deſpeſcha Schomberg auec partie de

994 1940 2850 139 ſon regiment & quelque François,qui les chargerent ſi bruſquement que deux compagnies

994 2021 2856 155 furent rompues, pluſieurs laiſſez ſur le champ pour gages, & grand nombre de bleſſez: les

1004 2118 2846 138 Enſeignes rapportées au Prince, furent l’aſſeuré teſmoignage & de la premiere charge, &

1001 2211 2852 149 du deuoir que deliberoient faire les Allemans en faueur de leurs Confederez. Ce qui occa¬

998 2305 2858 145 ſionna le Prince de remunerer ceſte prompte reſolution de Schõberg d’vne chaine de deux

1001 2392 2852 136 cents eſcus, pour l’encourager & ſes compagnons à croiſtre de deuoir & volõté enuers eux.

1007 2470 2849 148 Paſſans outre furẽt eſtendre leur armée autour Auxerre l’vne des principales villes de Bour¬

1007 2560 2856 161 gongne, que le Capitaine la Borde auoit dés le commmencement des troubles ſurprins

1004 2650 2859 162 ſur les Catholiques: & juſques là y eſtoit demouré Gouuerneur plus de force que de vo¬

1007 2747 2859 155 lonté de ſes compagnons Citadins, qui ſe plaignoient fort de luy. Ce qui fut cauſe que le

1014 2825 2849 161 Prince le print à la ſuitte de l’armée, au lieu duquel il miſt Guerchy qui les Gouuerna juſ¬

1011 2915 2858 158 ques à la paix. Pendant que la Borde y commandoit, il auoit pluſieurs fois entreprins ſur

1017 3015 2852 142 Creuant (comme ſur les autres prochaines places) petite ville ſiſe ſur la meſme riuiere:

1014 3112 2859 136 mais ceux de dedans s’eſtoient ſi bien defendus, que la Borde ne leur pouuoit faire pis, que

1014 3186 2862 155 les maudire. Voiant l’armée ſi pres, conſeilla le Prince d’y enuoyer le Canon, & cõpagnies

1017 3277 2862 164 pour les mettre à raiſon. Luy donnant à entendre la richeſſe de la ville, & de ceux qui s’y e¬

1027 3377 2859 142 ſtoiẽt retirez: la rançon deſquels pourroit de beaucoup croiſtre le reuenu de la Cauſe, ce qui

1020 3458 2866 148 fut fait. Mais comme ils s’y efforçoient en vain contre l’opiniaſtreté des Creuançois qui a¬

1020 3548 2869 149 uoient tous juré d’y creuer pluſtoſt que de ſe laiſſer manier aux Confederez: Le Prince eut

1017 3638 2872 152 nouuelles de la mort de l’Enſeigne de ſes Gens d’armes: lequel s’eſtant preſenté pour entrer

1024 3726 2865 161 à Irency, (petite villette qui auoit eſté donnée pour cartier à ſa compagnie) fut tué ſur

1024 3823 2865 158 Ie champ, d’vne harquebuzade de ceux de dedans. Ce qui eſchauffa tellemẽt les Proteſtans,

1027 3906 2868 155 que Bourry y fut ſoudain enuoyé auec ſon regiment de dixhuit enſeignes, pour la pluſpart

1030 4007 2872 145 Normandes: deliberé de bien venger la mort de ce Gentilhomme. Il preſente le feu aux

1030 4087 2872 168 portes, la ſappe & les eſchelles aux murailles, fait en ſomme tout le deuoir qu’il apprint

1033 4178 2869 168 jamais à la ſuitte & maniement des armes. Mais la relolution des habitans & enuiron

1030 4275 2875 151 douze ſoldats, tous commandez par vn Gentil-homme du païs, fut ſi grande qu’à deux

1030 4359 2875 151 ou trois diuers aſſaux il perdit la fleur & des Chefs, & des meilleurs ſoldats de tout ſon

1033 4446 2878 158 regiment: & fut en fin forcé de ſe retirer. Si bien qu’il fallut leuer le Canon de deuant

1036 4543 2875 148 Creuant, & le placer à la ruine des ſimples murailles d’Irancy: qui en furent tellement

1040 4636 2871 145 esbranſlées qu’il en tomboit plus qu’on ne vouloit. La breche faite, & auſſi toſt ga¬

1043 4723 2868 159 gnée, fiſt redoubler la cholere (le mot d’Irancy ne preſageoit autre choſe) à Bourry,

1043 4807 2872 152 & toutes ſes bandes: aidées du prompt mouuement des Gaſcons que Piles y auoit con¬

1046 4894 2869 168 duits. Firent en ſomme pratiquer à ces poures Citadins, les trois extremitez de la Guer¬

1043 4998 2875 145 re, Feu, Fer, &Sang, qu’on voioyt ruiſſeler en pluſieurs endroits de ceſte place: trop

1046 5079 2875 197 opiniaſtre, eu ſegard aux nulles defences des habitans, & la force d’vne telle armée: &

3727 5179 191 151 pour

684 1285 265 116 Ruze pour

691 1385 236 84 garder le

691 1433 290 110 paſſage d'v¬

691 1498 252 116 ne riuiere.

694 2098 278 139 Charge des

694 2198 262 94 Allemans.

704 2521 239 123 Auxerre.

707 3064 242 184 Creuant.

730 3645 190 184 Ianey.
