4096 5840
1165 233 753 169 NEVFIESME.

2593 253 169 146 231

275 330 2500 224 ſans occaſion, leur vouluſt oſter leur priuileges accou¬

275 473 2503 198 ſtumez par les garniſons des compagnies qu’on y fai¬

272 596 2509 185 ſoit ſecretement acheminer: tant pour eſtre contraires à

275 723 2506 175 leur trafic, que pour les inſolences que’lles commerrẽt

279 833 2505 189 és autres villes: & qu’elle ſera mieux gardee par les Mai

279 953 2502 182 re, Bourgeois & Eſcheuins, qui ſe ſont acquis l’honneur

285 1077 2490 181 de gardiens, au prix de leur ſang, contre les Anglois,

288 1245 2503 133 que par ſoldats mercenanes, quen y ont ancetion que

298 1314 2480 181 pour butiner. Ioint que ce ſeroit contre venir a l’Edict,

295 1430 2496 176 qui maintient chacun en telle liberté & priuilege que

295 1547 2499 182 parauant. Autres lettres ſur meſme commandement:par

295 1667 2496 182 leſquelles on leur remonſtroit que les garniſons n’e¬

295 1787 2499 182 ſtoient pas bien prinſes par ces Citadins. Car le Roy les

301 1904 2493 172 enuoyoit pour la conſetuation commune de tous ſes ſu

301 2024 2493 175 iets, qne d’vne que d’autre Religion: & qu’il eſtoit im¬

308 2138 2489 185 poſſible que ſes Edits fuſſent biẽ obſeruez en vne villes

308 2261 2499 175 ſi bigaree, ſans telle forces: meſmement ſi vne des par¬

308 2381 2496 159 ties eſt la plus forte: & que à ce il auoit choiſi & deputé

314 2511 2493 159 le Mareſchal, pour y donner reglement conuenable à

314 2621 2483 165 ſes Edits. Quant aux priuileges, il ne failloit du tout ſ’y

318 2731 2499 169 arreſter, pource que la diuerſité des temps, diuerſifie les

321 2855 2496 165 loix & façons de faire tous peuples: meſmes la malice

327 2978 2493 159 de ce ſiecle, & l’eſtat des affaires preſentes, les ont peu

331 3095 2476 165 alterez. Ne faus donc pour cela laiſſer de paſſer outre,

334 3221 1477 137 attendans vne meilleure ſaiſon.

470 3332 2353 159 Pour reſpondre à ce qu’vne ville bigarree, doit eſtre

337 3455 2489 156 regie par force: diſent, pue le temps paſſé, depuis l’Edit

337 3575 2486 159 iuſques icy, ſ'eſtans bien portez, monſtre qu’ils ſe por¬

340 3698 2496 146 teront bien & paiſibles à l’aueuir: & que le Roy meſme

344 3808 2486 156 ne diroit cela, ſ'il eſtoit bien auerty des portemens des

347 3929 2489 159 autres garniſons, A l’alteration que le temps à apporté

353 4042 2483 166 à leurs priuileges, & qu’il faut attendre vne meilleure

350 4162 2480 162 ſaiſon: reſpondent, que la ſaiſon ne ſçauroit eſtre meil¬

353 4276 2370 162 leure, que de l’obſeruation entiere de l’Edit de pacifi.

600 4402 2239 162 Le vingtieme Aouſt, le Roy enuoya Barrier, auec

353 4513 2483 168 lettres de creance, portant qu’ils ſe ſouuinſſent des biẽs

353 4639 2493 159 receus par ſes deuanciers: & que ſ'ils vouloient luy re¬

360 4756 2483 165 mettre les tours, deſmonter la groſſe artillerie, & rece¬

363 4879 2470 159 uoir garniſon de cent hommes ſeulement, & le Mareſ¬

360 4999 2473 201 chal auec quarante ou cinquante cheuaux, pour y aui¬
