4096 6846
433 475 2614 190 PHILIPPE TROISIESME. LIVRE IIII.

293 627 2950 145 armoiries. Au reſte, Charles ne ſe contentant de tant de tiltres Royaux, & aſpirant

296 737 2943 141 à la Monarchie, il pratiqua le mariage de luy (car madame Beatrix de Prouence ſa

296 829 2943 137 premiere eſpouſe eſtoit morte) auec Catherine veufue du deffunct Empereur de

300 924 2943 133 Conſtantinople nommé Baudoüin le dernier des Latins qui auoient commandé

293 1030 2946 114 en Grece, ainſi parle celuy qui a faict la continuation de la guerre ſaincte, là où

293 1102 2946 134 cela eſt loing de la verité, veu que la fille de ce Roy Charles fut femme de

293 1209 2927 122 Baudoüin, & le pere n’eut pas eſpouſé ſa fille: pour ce faut que la bien-ſeance,

289 1289 2920 137 non le mariage feit entreprendre à ce Roy la conqueſte de Grece. Et faiſoit ce¬

293 1380 2945 145 cy ce ſage Roy, pour rompre les deſſeins du Pape, qui ſupportoit le Grec contre

293 1479 2940 129 luy, & auoit faict pratiquer la ligue d’entre Paleologue, & le Roy d’Aragon: &

293 1570 2940 145 entendez les monopoles qui ſe baſtirent pour cecy, & par l’ambition de Nicolas

293 1669 2954 141 plus amy de la grandeur des ſiens, que du repos de l’Egliſe. Peu au-parauant

293 1760 2957 134 que ceſte ſaincteré deſapointaſt le Roy Charles du Vicariat de l’Empire, comme

293 1863 2961 114 le Roy eut dreſſé vne belle armée ſous pretexte de paſſer en Leuant contre les

296 1954 2962 122 Tures, & conquerir le Royaume de Hierufaiem, pris par les Egyptiens fur les no¬

293 2038 2976 129 ſtres, là où ſon intention eſtoit de donner ſur Paleologue, & le deſpoüiller de

293 2137 2976 129 ſa conqueſte: il y eut vn Sicilien fort mauuais garçon, nommé Iean Prochyte, du¬

296 2221 2977 140 quel il nous faudra encore parler cy apres, lequel ſçachant le deſſein de ſon

296 2331 2981 122 Prince, ne faillit d’auſſi toſt de paſſer en Grece, & aduertir Paleologue du pe¬

296 2434 2977 106 ril qui luy eſtoit prochain, ayant à faire duce ili il puillant l'rfiee, Ayaiit mhis

296 2510 2981 118 Martel en teſte au Grec, ce cauteleux Sicilien ſe veſtit en Cordelier, & ainſi

296 2605 2989 125 deſquiſé, ſ'en vint à Rome vers le Pape Nicolas, auquel il feit entendre toute ſa

296 2700 2985 118 negociation auec l’Empereur de Conſtantinople, & les deſſeins d’iceluy pour

300 2780 2985 140 rompre les entrepriſes du Prince François. Le Pape qui ne deſiroit rien tant que

300 2871 2985 145 abaiſſer la grandeur de Charles, le priua lors du Vicariat, & de la dignitéde Se¬

308 2966 2977 133 nateur de Rome: entendit à l’aſſociation auec le Conſtantinopolitain contre les

304 3073 2981 133 François, & eſcriuit au Roy Pierre d’Aragon (le Roy Iacques amy des François

308 3149 2980 133 eſtant decedé) luy promettant grande ſomme de deniers ſ'il ſe vouloit rendre de

304 3248 2956 140 la partie: & ainſi Charles armoit pour vſurper l’Empire Grec, & l’Aragonnois

308 3335 2950 152 pour donner ſur la Sicile: & le Pape trauailloit au poſſible à les chaſſer tous deux d'I¬

308 3438 2956 140 talie: mais quelle fin eut ceſte entrepriſe, nous le verrons en ſon lieu, afin de ne

308 3521 2961 134 troubler l’ordre des temps, ſuiuant le cours de l’hiſtoire. Durant tout ce que deſ¬

308 3620 2980 133 ſus, Charles de Sicile Prince de Salerne (ainſi l’appelle de Nangis, duquel i’ay

308 3712 2980 140 recueilly la plus-part de ce que ie voys vous diſcourir) & fils aiſné du Roy de Si¬

308 3837 2980 107 cile frere de ſainct Louys, vint en France voir le Roy Philippe ſon couſin ger¬

312 3902 2969 137 main, qui le receut auec tout l’honneur & magnificence qu’il ſe peut aduiſer.

308 3997 3004 132 Or ſçauez vous que tout le plus grand ſigne de ioye, & la plus grande feſte que

312 4088 2959 126 de tout temps les Roys de France ayent ſceu monſtrer en leurs pompes & fe¬

319 4191 2942 114 ſtins ſolemnels, ou cours ouuertes, a eſté faict & exhibé aux Tournois, & com¬

319 4286 2947 118 bats ombrageux, ou faints, & deſquels ſouuent on ne ſortoit ſans y voir en

323 4372 2952 134 ſortir quelque ſuiect de ſanglante Tragedie. Peu de temps auant que le Prince

327 4457 2969 141 Sicilien, qui auſſi eſtoit Comte d’Anjou arriuaſt en cour, le Roy auoit armé

327 4548 2977 137 Cheualier, & donné l’acollée à monſieur Robert de France ſon frere, qui

331 4659 2961 114 eſtoit Comte de Clermont & de la Marche, & marié à l’heritiere de Bourbon,

331 4750 2965 125 iſſue ( comme dit auons) de la famille & race des Roys de France, & auec luy

331 4837 2969 137 pluſieurs autres ſeigneurs auoient receu vn pareil honneur en faueur du Prin¬

334 4925 2966 129 ce Robert, & pour plus hõnorer la reception du Comte d’Anjou, & Prince Napoli¬

338 5020 2962 137 tain, & la cheualerie du Comte de Clermont, le Roy feit publier vn Tournoy à Paris

338 5107 2933 145 l'an de noſtre ſalut M. CCLXXIX. où il feit preuue deſa liberalité, donnant armes, & che¬

346 5206 2950 141 uaux aux gentils-hommes qu’il voyoit eſtre propres au combat, & qui n’auoient le

350 5301 2942 118 moyen de ſ'armer. Ie ne vous allegue cecy ſans occaſion, veu que iamais ces Tour¬

350 5381 2946 152 nois n’ont eſté ſans apporter quelque fin mal’heureuſe, comme au grand regret

350 5476 2930 137 de la France, nous l’auons trop gouſté de noſtre temps, & que lors onle ſentit,

346 5584 2945 132 ainſi que le dict, & teſmoigne le ſuſdict de Nangis, vſant de ces parolles. In quo¬

346 5659 2912 141 dam igitur illorum tyrociniorum Comes Clarimontis iuuenis, & nouus miles, armorum ponder

346 5754 2945 217 pregrauatus, & malleorum ictibus ſaper caputpluries, & fortiter perciſſis, vexatione cerebri attc

3074 486 188 173 728

3304 1106 232 187 chartes

3247 1251 308 125 Rey de Na¬

3224 1338 308 126 ris eſpouſe

3232 1399 262 122 l'Emg. de

3234 1490 298 112 Grece. Ca¬

3234 1593 222 114 therine.

3334 3152 248 130 Iacques

3251 3240 323 133 Roy dux¬

3288 3320 290 122 ragen mou

3285 3419 300 87 rut l’an de

3283 3464 295 111 grace 1277

3319 4011 266 119 Exercite

3275 4097 310 110 d'armes la

3262 4191 323 110 plus grãde

3288 4286 290 107 pompe des

3297 4370 247 119 François.

3289 5120 289 120 L'an 1279

3280 5472 305 127 Guillaume

3266 5583 300 102 de Nangis

3285 5647 297 115 en la uie de

3277 5724 301 144 Philippe le

3260 5781 234 171 Ha6.

2714 5857 160 156 i ij
