4204 6752
915 153 271 225 240

2015 60 833 266 LIVRE

919 288 2984 270 s’accommoder, paſſerent tout le reſte du moy¬

915 480 2992 228 de Iuilet, ſans tirer plus de quarante coups de

919 637 2995 233 Canon, ce-pendant que l’Artillerie venoit de la

927 795 2961 232 Rochelle, ſous la charge & conduitte d’Yuoy,

927 964 2976 232 que doreſnauant (pour le decés de ſon frere mort

927 1121 2969 248 a Strasbourg, comme i’ay cy deuant dit) ie nom¬

930 1316 871 195 meray Ienlis.

975 1432 2909 237 Les pieces, boulets, & munitions venues, & la

938 1601 2958 237 plus-part logées par la diligence des principaux

927 1763 2969 228 chefs, chacun deſquels en auoit prins vne à lo¬

945 1928 2943 236 ger, dés le matin elles furent veuës, accommo¬

934 2100 1415 184 dées, & preſtes à iouer.

1114 2231 2778 233 CE FVT le Lundy premier iour d’Aouſt,

930 2404 2954 225 mil cinq cents ſoixante-neuf, que les plus crain¬

927 2558 2972 236 tifs & ſuperſtitieux, tenoyent pour fatal à ceſte

934 2723 2973 217 ville, pource qu’elle auoit eſté prinſe, & pillée ce

934 2892 2962 221 meſme iour aux premiers troubles, qui eſtoyent

938 3045 2958 222 en l’an mil cinq cents ſoixante & vn, par l’ar¬

942 3195 2950 226 mée qu’y mena le Mareſchal Saint André, ſur

938 3357 2961 244 Sainte Geme, Lancelot, & du Bouchet, que le feu

945 3529 2174 210 Prince de Condé y auoit enuoyés.

1122 3679 2781 229 Et de fait, ce meſme iour ils y firent vn grand

945 3848 2954 218 effort, ils dreſſerent leur batterie contre le pont

945 4002 2966 225 & porte du pont Anioubert, deçà & delà: & a¬

945 4167 2962 221 uoyent poſé leurs pieces deſſus le Rocher, & au

953 4328 2943 229 bas, entreles faux-bourgs de Pinpaneau, & de

949 4508 897 207 Saint Sornin.

1084 4643 2819 237 La batterie eſtoit de neuf ou dix groſſes pie¬

949 4823 2965 207 ces d’Artillerie, quatre ou cinq moyennes, &

960 4973 2943 222 pluſieurs petites, & ſi battoyẽt de trois endroits,

960 5139 2954 210 ils en auoyent deſcendu quatre au bas contre la

957 5296 2965 203 riuiere pour battre le pied, tant d’vne tour que

964 5454 2965 202 de ſa courtine, & le reſte au haut, pour abbattre

964 5607 2954 297 le corps, & les defeuſes plus à quartiers d’vn cha¬

3618 5772 300 218 cun
