4096 6575
990 522 87 157 96

833 635 420 132 M. D. L II.

1775 588 1513 193 L'HISTOIRE FRANCOISE

1253 730 2437 186 L'ordre mis par le ſeigneur de Bordillon en Champaigne contre larmee des Boute-feux.

2276 876 526 106 CHAP. XII.

1099 1518 382 14 P

1551 1062 2298 126 ARTANT le Roy de ſon Royaume, pour porter la guerre en païs eſtran¬

1490 1139 2361 128 Eger, auoit laiſſé la Royne, pour la conduicte des affaires du Royaume, &

1516 1230 2335 136 pour les affaires de la guerre (ſi aucuns en ſuruenoient) auoit deputé mon¬

1527 1344 2324 98 lieur l’Admiral d’Annebault, auec vne armee, en laquelle eſtoient les le¬

1530 1406 2321 137 gionnaires de Champagne,les Suiſles & gros nombre de gẽdarmerie. Pre¬

1063 1515 2828 117 uoyant ſa Majeſté que ſes ennemis le voyans abſent en ſon voyage loingtain, prendroiẽt:

1066 1610 2785 121 ceſte occaſion & aduantage pour luy courir ſus, choſe fort biẽ preueuë. Car Marie Roy¬

1066 1698 2788 132 ne de Hongrie diſcourant en ſon cerueau, que par ce voyage du Roy, l’Empereur eſtoit

1066 1793 2785 113 en termes de perdre tout le pouuoir & authorité qu’il auoit gaigné en Allemagne auec ſi

1059 1892 2792 117 grands fraiz & ſueur, & qu’il ſeroit forcé de licentier les Princes qu’il detenoit en captiui¬

1062 1976 2792 122 té:ſe mit incontinent en deuoir de rompre ledit voyage du Roy. Pour à quoy paruenir

1066 2067 2788 121 mit ſoudain vne groſſe armee enſemble de Bourguignons, Cleuois, Gueldrois, Vvalons,

1066 2166 2785 120 & autres gens de guerre, qui eſtoient en garniſon en toutes les villes des païs bas de l’Em¬

1070 2261 2781 124 pereur: qui eurent commandemẽt d’executer par fer & feu tous les plus eſtrãges & enor¬

1070 2345 2781 116 mes excés dont ils ſe pourroient aduiſer: ce qu’ils feirent encores plus cruellement qu’il

1066 2440 2785 113 ne leur eſtoit commandé. Et par ce moyen eſperoient que les clameurs du peuple Fran¬

1063 2542 2784 120 çois, ainſi par eux tyranniſé, venãs aux oreilles du Roy, le retireroient en arriere, pour y re¬

1066 2644 2781 99 medier. De maniere qu’il n’entreroit plus auant en Allemagne. Et vindrent premiere¬

1058 2717 2793 132 ment leſdits ennemis addreſſer leurs forces à Stenay, qui leur fut incontinẽt rendue, pour

1063 2812 2784 113 n’auoir eſté pourueüe ny de gens ny de munitions:& lors commencerẽt à fortifier la vil¬

1066 2903 2781 117 le de rempars, bouleuers de terre & plattes-formes. Surquoy monſieur de Bordillon

1074 3002 2777 128 Lieutenant du Roy au gouuernement de Champaigne, ſage & hardi cheualier, & veillãt

1063 3090 2784 131 à la garde de ſa charge, eut aduis qu’iceux ennemis auoient fait tous leurs preparatifs pour

1070 3188 2777 110 mettre le ſiege deuant vne petite place nommee Villefranche, aſſiſe ſur la riuiere de Meu¬

1066 3276 2785 132 ſe pres Stenay:en laquelle eſtoient mortes-payes auec le Capitaine Guillanton, ſans autre

1070 3371 2777 132 gens de garde, qu’vne ſeule compagnie de gens de pied du Capitaine Vignan. Pour la¬

1066 3466 2781 110 quelle entreprinſe rompre ledict ſeigneur de Bordillon ceſte nuictee meſme vint entrer

1063 3561 2784 128 dedans Villefranche auec ſa compagnie, & de meſme diligence mande au ſeigneur de

1063 3660 2784 106 Montot Capitaine de Montfaucon, qu’il fiſt retirer les habitans de Montfaucon, auec

1063 3744 2784 131 tous leurs meubles qu’ils pourroient porter, & le tout mettre en place aſſeuree. Et quant

1059 3828 2784 135 à luy qu’il euſt à ſe retirer à Villefrãche auec ſes ſoldats, & autres qu’il pourroit aſſembler:

1063 3937 2780 110 ce qu’eſtant fait, fut donné tel ordre par le ſeigneur de Bordillon à ſouſtenir le ſiege des

1059 4029 2784 131 ennemis, qu’aduertis de la grande diligẽce qu’on y faiſoit, changerent d’aduis: faiſans cou¬

1052 4113 2791 120 rir le bruit qu’ils vouloient tourner leurs forces à l’encontre de Mouſon. A quoy voulant

1069 4204 2767 131 monſieur de Bordillon encores remedier, commit le ſeigneur de Chaſtelluz ſon Lieute¬

1069 4302 2771 132 nant, pour prendre la garde de Villefranche auec partie de ſa compagnie, & auec l’autre

1062 4397 2770 136 vint à Mouſon, où trouua le peuple fort troublé, tant pour la crainte de la cruauté des en¬

1063 4503 2773 99 nemis, que pour n’eſtre leur ville fort defenſable, à raiſon d’vne montagne qui peut ſer¬

1059 4576 2777 132 uir de caualier, & commander en la ville, choſe quaſi deploree & ſans eſperance de la pour

1063 4664 2769 117 uoir defendre, ſinon à viue vertu d’armes, & ſans recours d’autre fortification, que de l’eſ¬

1063 4755 2773 139 pee: & à ceſte cauſe ſ'en retiroient la plus-part des riches citoyens, portans ailleurs leurs

1061 4850 2775 136 meubles, comme eſtans en danger eminent. Toutesfois mondit ſeigneur de Bordillon

1038 4945 2794 136 voulant rabattre ceſte perturbation & crainte de peuple troublé, & les raſſeurer, fir de

1066 5037 2770 131 grandes remonſtrances, auec offre de vouloir viure & mourir auec eux, ſi cas aduenoit

1070 5128 2766 117 d’vn ſiege: & en ſigne de plus grande aſſeurance, fit ledit ſeigneur amener ſa vaiſſelle

1074 5216 2762 131 d’argent, & ſes autres precieux meubles dedans la ville, monſtrant que ſes corps & biens

1070 5300 2762 128 il expoſeroit à meſme fortune qu’eux: à fin qu’eſtans fortune & danger de mort com¬

1063 5391 2769 172 muns par enſemble, ils euſſent auſſi meſme hardieſſe & vouloir de reſiſter. Au moyer

3566 5486 274 142 dequoy

741 960 340 197 Hgtáce de

749 1139 255 99 affaires du

741 1179 314 110 Reyaume laiſ¬

738 1263 332 103 ſec à la Royue.

738 1329 296 91 L'Admira!

741 1384 311 95 d'Annebaut

749 1407 310 141 à pasépar les

738 1519 325 97 affaires de la

741 1607 176 120 guerre.

738 1881 317 149 Annee dela

741 1979 323 121 Royne de Hon¬

738 2082 142 179 gre.

741 2710 337 122 Stenay rende

745 2787 285 193 axcmenit.

734 4210 329 119 Le faigneur de

745 4302 327 110 chaſſellaZ co¬

734 4372 292 102 mis peur gar¬

741 4423 321 110 de villefrmn¬

741 4503 143 117 che.

730 4850 344 123 Remonftrances

734 4923 300 99 du ſaigneur di

734 4967 325 101 Pourdille aux¬

730 5040 274 114 habitans de

734 5117 205 146 Moiſen.
