2382 3368
1716 392 219 59 Germains de

1671 429 253 81 tous temps grãdi

1674 488 236 62 Corſaires d'eù

1657 536 258 70 ſont venus les

1674 580 247 68 Angleis, Nor¬

1671 631 255 65 mant Franceis:

1665 682 250 64 aiſi que veus

1671 729 261 59 verrez  deſſous

1662 777 256 81 plus amplemẽt.

193 235 1464 113 preſſemẽt,que ces Carabes eſtoiẽt petits eſquifs tiſ¬

196 331 1444 104 ſus d’ozier enduit,puis couuerts de cuyr creu:ordi¬

199 409 1458 99 naires aux Germains de ſon tẽps qui viuoiẽt de la Pi

193 502 1447 90 ratique, ſur les riues de la mer Oceane, ou ſur lesgrãs

205 586 1443 87 marais de leur païs: deſquels dit il, l’hiſtoire parle ain

205 662 1438 95 ſi. Les Saxõs vſent de ces petits brigãdins cõme toul

207 746 1436 104 iours diſpoſez a la fuite plus qu’au cõbat. Ainſi Ethi¬

199 827 1452 107 cus Hiſter dit, que l’Hyberiote eſtoit vn long & fort

196 912 1450 95 eſtroit nauire, dõt vſoiẽt les Ircaniẽs: venue des Hy¬

196 993 1466 93 beres de Scythie. Les autheurs Romains ne teſmoi¬

202 1080 1449 101 gnẽt il pas, que Gaulus eſtoitvne ſorte de nauire rõd

196 1161 1461 113 que les Gaulois nõbroient entre les grãds vaiſſeaux?

1674 1103 261 64 Feſtus. Gel. Pal¬

1665 1150 275 73 lux Hered Plus.

1668 1274 258 73 ſidor. Orig. 19.

1665 1321 54 57 fa

1581 176 70 68 16

1674 1372 230 53 Barques ſont

1671 1408 233 79 de petuts vaiſ¬

1671 1462 267 70 ſeaux dõt toutes

1676 1515 234 56 uatieus uſent.

1676 1557 253 79 Herodan Ther¬

1671 1611 95 81 Pfic.

258 1251 1399 96 Ethicus Hiſter dict, tout-haut, que les barques

193 1333 1458 101 eſtoient nauires forte approchans des vaiſſeaux Lẽ¬

196 1428 1455 87 niens deſquels parle Herodote: pourquoy ne de¬

191 1507 1466 87 duirons nous ce terme, des Gaulois autãt que de la

196 1582 1461 113 ville Affricaine Barce comme aucuns veulent? La

196 1669 1461 110 Barque dit Iſidore eſt le vaiſſeau qui porte tout le

202 1759 1460 96 trafic du grand nauire à terre. Le nauire le ſerre en

191 1838 1471 109 plaine mer, crainte des ondes eſmeues par la tẽpeſte.

191 1919 1477 107 mais venue au port de ſalut, la barque rẽd au nauire

196 2006 1466 110 le bien quelle en a receu en haute mer. Y a il choſe

202 2107 1469 87 plus cõforme à ce que nous pratiquons? Encor que

199 2180 1463 93 Ceſar attribue des voilles de cuyr aux nauires Bre¬

205 2262 1455 92 tons-Gaulois: ſi n’eſt il vray ſemblable qu’ils en

202 2349 1460 87 vſoient tous. Et me ferois voluntiers croire, ſi i’e¬

196 2424 1475 118 ſtois plus hardy: que le terme d’Ollones, toille de

202 2514 1469 96 laquelle on faict auiourd’huy les voilles en plu¬

199 2598 1477 102 ſieurs quartiers de la Chreſtienté, eſt venu du

210 2694 1469 98 pays maritin d’Olone en bas Poictou, où l’on

1685 2217 281 67 Les Olonis paur

1676 2262 270 70 las voiles de tous

1679 2321 250 112 mamrre a Fes.

1674 2374 90 87 ton.

623 165 523 87 DE FRANCE.
