4096 5916
1022 394 956 164 CINGVIEME.

2600 377 167 198 112

230 509 2537 204 ſaiſies ſes meilleures villes de France, par les Egliſes

220 663 2547 155 reformées, qui tout ouuertement prenoient les armes

226 801 2541 152 preparées de longue main: & commettoient actes plus

223 903 2551 175 que de hoſtilité n’ayans honte pourtant de dire que

223 1028 2544 155 c’eſtoit pour le bien public, & la liberté du Roy pri¬

223 1150 2554 154 ſonnier. Les Eccleſiaſticques ſur tous eurent à ſoufrir

220 1275 2547 171 au commencement, d’autant que le Huguenot pour

220 1393 2547 178 endormir le peuple proteſtoit qu’il n’en vouloit qu’à

216 1525 2551 147 eux. Puis ils eſtoient riches, & à dire vray mal voulus

213 1640 2551 170 des deux coſtés pour les maluerſations de la pluſpart

216 1758 2548 181 d’entr’eux. Mais ce qui ſans excuſe eſt à plaindre, c’eſt

210 1889 2548 175 qu’vn tas de brigandeaux couroient le païs par trou¬

213 2011 2541 168 pes, & enuahiſſans les Egliſes, apres en auoir rançon¬

207 2129 2531 174 né, meurtry, ou horriblement eſtropié les miniſtres,

207 2251 2534 174 ils ſ'attachoient aux choſes ſacrées, rauiſſans les ioy-

203 2372 2532 165 aux, bruſlans les ſainctes reliques, demoliſſans ima¬

210 2504 2525 171 ges, autels, voire les grands & magnifiques temples

203 2626 2532 167 tous entiers. Autant en faiſoient les vſurpateurs des

207 2747 2518 161 villes, & le tout auec ignominies & blaſphemes ſi hor¬

200 2859 2502 184 ribles, que l’Antechriſt meſme ne ſçauroit faire pis

216 2990 2502 168 Voire iuſques à rompre les tombeaux, pour aſſouuir

200 3112 2508 174 leur rage barbareſque, ſur les os des bons Roys &

200 3237 2505 177 ſeigneurs treſpaſſez: entre autres ſur le cœur du Roy

203 3349 832 144 François ſecond.

364 3464 2357 184 En Dauphiné païs merueilleuſement gaſté & infe¬

207 3595 2518 174 cte d’hereſie, commandoit vn vaillant. & treſcatho¬

200 3717 2512 180 lique gentilhomme monſieur de la Motte Gondrin,

200 3842 2518 177 lieutenant de monſieur de Guyſe en icelle prouince.

203 3967 2522 170 Les ſeditieux auoient conceu vne haine irreconcilia¬

197 4088 2528 171 ble contre luy, d’autant que fidele ſeruiteur de Dieu &

200 4206 2525 175 du Roy il les tenoit en bride & empeſchoit leurs deſ¬

200 4325 2515 181 ſeins en ſon gouuernement. Le vingtneufieſme d’A¬

200 4446 2518 181 uril ſ'aſſemblerent aucuns ſeditieux en la cité de Va¬

203 4561 2509 191 lence où ledict gouuerneur faiſoit reſidence ordinaire,

200 4690 2535 177 & ſuſciterent quelque tumulte, lequel il pacifia auec

203 4821 2525 164 peu de forces qui ſe trouuerent autour de luy. Mais

203 4939 2518 175 puis apres croiſſant l’eſmotion & touſiours de plus en

200 5061 2525 171 plus ſ’augmentant, auſſi les aduerſaires de iour en iour

200 5183 2518 174 ſe fortifians & multiplians en nombre, il fut chargé

207 5294 2511 198 & aſſailly ſa rudement, qu’ils le contraingnirent ſe

2856 2668 464 204 Ceux de la

2758 2839 558 161 nouuelle reli¬

2797 2984 503 141 cion bruſlent

2751 3089 536 161 les os des treſ¬

2751 3214 237 243 caſez
