4096 5800
1991 348 1215 170 TROISIEME LIVRE

1514 483 2204 184 plus grand d’eſtre couchez en l’eſtat des offi¬

1508 634 2207 161 ciers domeſtiques du Roy, auſſi tiennent-ils

1511 763 2201 171 que leur honneur croiſt ſelon la ſomme qu’ilz

1501 899 2192 167 reçoiuent. Car il y a diuers offices, tellement q̃

1511 1034 2201 174 celuy qui eſt en plus haut degré, a auſſi plus

1514 1172 2185 162 gros gages. Les Gentils-hommes ſeruans y

1498 1305 2211 157 ſont en plus grand nombre que nuls autres

1498 1430 2214 165 officiers: neantmoins à cauſe des degrez de

1495 1556 2214 171 nobleſſe, les gages ne ſont eſgaux, & ainſi ſe¬

1498 1691 2217 152 lon la valeur d’iceux on iuge de la nobleſſe de

1495 1830 2214 167 chacun, & eſtime-on plus noble celuy qui re¬

1504 1959 2211 164 çoit le plus. Or bien que ce iugement ſoit

1504 2094 2205 168 preſque touſiours faux, d’autant que pluſieurs

1498 2229 2220 161 obtiennent par hazard ou importunité, ce qui

1495 2358 2217 148 ne deuroit eſtre donné qu’à la vertu & vraye

1495 2490 2217 165 nobleſſe: ce nonobſtant les Portugais gens

1498 2626 2214 161 ambitieux, & qui cuident que l’accroiſt de

1498 2755 2204 167 quelque pongnée d’argent, les face plus grãds

1498 2890 2208 148 Gentils-hommes, font grand bruit ſouuent

1495 3019 2214 161 pour ceſte paye, comme ſi de celà dependoit

1492 3141 2220 168 leur vie & honneur. Or Magellan maintenoit

1495 3283 2214 148 que ſes ſeruices merit oient rehauſſement d’vn

1492 3415 2217 158 demy ducat ſur les gages de chaſque mois, ce

1498 3547 2211 161 que le Roy luy refuſa, craignant d’ouurir la

1498 3679 2211 149 porte aux ambitieux: dont Magellan ſ'offenſa

1485 3811 2211 168 ſi griefuement qu’il quitta le party du Roy,

1485 3950 2221 151 fauſa toute promeſſe, & mit l’eſtat en extreme

1488 4076 2214 170 danger. Et combien qu’il nous faille ſuppor¬

1482 4214 2220 161 ter les outrages d’vne Republique, aualler

1485 4343 2214 158 doucement les deſplaiſirs que les Rois peres

1492 4475 2204 158 de l’Eſtat nous font, & que nous ſoyons rede¬

1492 4607 2204 161 uables de noſtre vie au pays duquel nous la te¬

1488 4736 2211 200 nons: ſi eſt-ce que Magellan conçeut vn tel

3364 4862 335 206 deſpit
