2382 3368
213 198 1463 99 tirans vers la riuiere de Seine & Marne, furent les

215 288 1461 91 premiers aſſubiettis par les François: auſſi eſtablirẽt

211 391 1461 65 ils, leur premlere Amiraute lur les mers prõchaines

209 452 1465 101 de leur pays nouuellement conquis, pluſtoſt que ſur

211 542 1461 99 les autres; où ils n’auoient encores rien. Puis croiſ¬

211 628 1461 94 ſans d’heur & de courage: ils gaignerent la Normã¬

213 705 1459 92 die: la mer & coſtes de laquelle, ils ioignirent à leur

209 791 1458 90 Amirauté ancienne. Laquelle fuſt touſiours nom¬

209 881 1460 80 mée depuis Amirauté de France, & non les autres:

213 958 1456 101 pource quelles ne vindrent que de lõg tẽps apres, à

211 1044 1461 99 à la Couronne. Et bien que la Guyenne fut aſlez toſt

213 1133 1456 88 apres ſubiete aux Fraçois, auant la Bretaigne neant¬

209 1212 1460 88 moins: faiſant toutesfois ce pays Breton, comme vn

211 1292 1456 94 grand entre-deux de la mer Françoiſe & de Guyen¬

209 1373 1460 93 ne:celle cy fuſt appellée mer & Amirauté de Guyẽ¬

209 1461 1461 95 ne, pource qu’elle ne pouuoit eſtre commodément

211 1547 1458 97 iointe à celle de France, veu l’entre-deux des pays

207 1627 1463 94 Bretons & Bretonans. Moins encores l’Amirauté de

213 1717 1454 84 Leuant, pour la longue diſtance des mers & prouin¬

213 1796 1457 93 ces, qui ſont entre l’Amirauté de France, & celle du

211 1880 241 80 Leuant.

619 112 559 105 DE FRANCE.

1609 120 62 104 65

209 1947 1456 116 Des droits, honneurs, priuileges, preéminences & autoritez

370 2046 1164 98 de l’Amiral de Leuant, qu’on nomme General

643 2127 670 101 des Galeres de Marſeille.

737 2213 438 84 CHAP. XII.

501 2282 1168 98 L ſe faut aſſeurer que les Roys treſ-Chre¬

499 2368 1180 99 ſtiens Seigneurs des coſtes tant de Leuant

505 2458 1149 107 que Ponant, y ont touſiours eu flotes de

227 2495 247 123 T

488 2537 1188 104 nauires. Auſquelles ils eſtabliſſoient Ami¬

207 2624 1461 109 raux ſuffiſans pour y commander, ſelon les occur¬

1704 2355 232 68 L'Amiral de

1679 2408 256 64 Leuät, & Gene¬

1680 2467 239 55 ral des galeres

1668 2531 250 37 Lafaſau re

1676 2556 259 62 peur la deffenca

1678 2604 256 67 des coſtes & tner

1668 2652 188 76 de Lenant.

1412 2707 28 92 F
