4096 7070
1234 384 354 220 344

1794 337 1590 267 Hiſtoire de France,

1179 585 2665 267 quence où pourroyent tomber ces deſeſpe¬

1171 765 2673 244 rees entrepriſes, où lon iouoit à quitte ou à

1171 923 2669 251 double. Car encor que ce fuſt la ruine de

1163 1099 2677 240 ceux qui s’eſleueroyent, ſi eſt-ce qu’elle de¬

1159 1268 2677 244 uoit pluſtoſt y remedier promptement, que

1159 1421 2673 248 l’effect aduenu proceder à la deſtruction en¬

1143 1606 2685 240 tiere de ceux qui autrement eſtoyent de ſes

1143 1767 2681 244 meilleurs ſuiets. Et quant au moyen d’y re¬

1147 1928 2673 255 medier, qu’il faloit en premier lieu pouruoir

1126 2114 2690 238 au gouuernemẽt du Royaume, & bailler vn

1136 2262 2680 255 conſeil au Roy, non à l’appetit de ceux de

1132 2435 2680 235 Guiſe, mais ſelon les anciennes conſtitutiõs

1120 2588 2677 247 & obſeruations de France. En ſecond lieu,

1120 2765 2685 247 qu’il falloit appaiſer les troubles de la Re¬

1108 2934 2693 243 ligion, qui eſtoyent ſeulement prouenus des

1112 3091 2685 247 traditions humaines, à l’obſeruatiõ deſquel¬

1104 3252 2693 251 les on vouloit contraindre les conſciences à

1100 3428 2693 236 les croire & receuoir cõme les ſainctes Eſcri¬

1092 3601 2697 244 tures, ſur peine de damnation, encor que la

1096 3762 2689 248 pluſpart fuſſent directement contraires aux

1084 3931 2693 248 commandemens de Dieu. Car quant aux

1084 4092 2713 248 principes & fondemens de la doctrine, ils en

1080 4269 2693 232 eſtoyẽt d’accord, meſme de la verité & ſub¬

1073 4422 2692 244 ſtãce des ſaincts Sacremens, deſquels abu¬

1065 4587 2704 259 ſoyent ceux de l’egliſe Romaine, les faiſant

1061 4748 2704 259 ſeulemẽt ſeruir à leur auarice & ambition, &

1057 4913 2704 259 delaiſſant leur vray & naturel vſage. Ce qui

1057 5086 2700 263 ne pouuoit eſtre ſouffert de ceux qui auoyẽt

1049 5251 2705 267 la conſciẽce pure & nette deuãt Dieu, & qui

1041 5424 2705 239 ne demandoyent ſinõ vne reformation tiree

1037 5577 2693 306 des ſainctes Eſcritures, & des docteurs vraye¬

3380 5840 346 193 ment

644 1692 440 209 Remedes

640 1897 425 129 pour ob¬

640 1991 433 141 uier aux

636 2093 477 169 ſeditiõs &

632 2234 468 161 guerres ci¬

636 2337 256 184 uiles.
