4096 6460
703 567 1555 204 DES TROIS MONDES.

2597 602 92 146 50

351 696 2388 233 trauailler à tirer honneur & profit de choſe

333 854 2398 211 ſi facile & tãt auantageuſe à tout le ſiecle au¬

358 997 2384 223 quel on vit. Car ſ’il fault iuger des choſes

355 1152 2384 208 incogneuës à l’apparence & par preuues vray

355 1288 2387 212 ſemblables: veu que Dieu n’a rien faict que

362 1435 2387 219 bon & profitable à l’humain lignage: veu

366 1579 2380 208 l’endroit où ce troiſieſme monde eſt ſitué, &

373 1722 2376 208 la grande eſtenduë de ſes prouinces: il eſt du

376 1873 2373 212 tout impoſſible qu’il n’y aye choſe merueil¬

376 2009 2377 216 leuſe en plaiſir, richeſſes, & autres commo¬

380 2160 2376 208 ditez à la vie humaine. Quand il n’y auroit

384 2350 2376 165 rien de memorable, la curionte ſeroit tour¬

387 2440 2373 219 iours louee du Prince qui l’auroit faict viſi¬

391 2587 2369 215 ter. Ioint que les moyens d’vn Roy n’y ſont

394 2727 2352 223 point neceſſaires, ains ſeulement d’vn ſim¬

398 2871 2369 222 ple Seigneur aiſé qui en voudroit faire l’en¬

398 3018 2369 222 treprinſe. Car auiourd’huy noz pilotes &

405 3165 2366 204 mariniers vont deux fois plus loing à leurs

412 3305 2362 222 propres deſpens. Il fault bien dire que nous

412 3456 2370 211 n’auons pas ces beaux eſguillons de vertu

427 3603 2355 208 qui pouſſoient les anciens, & meſmement

423 3736 2359 204 les Payens-pour entreprendre toutes choſes

427 3883 2351 193 hautes: & plus mal-aiſees ils les trouuoient,

437 4019 2359 215 plus ſ'eſchauffoient-ils à la pourſuitte. Non

437 4166 2355 205 ſeulement les particuliers, mais les! Eſtats

445 4310 2351 212 meſmes de ce tẽps ſe trauaillent ſi fort pour

452 4450 2344 215 gangner vne bataille, pour forcer vne ville,

452 4600 2351 209 dompter vn petit pays, en ſomme pour ſe

452 4740 2355 209 moyenner vn aduantage qui en fin ſe treuue

455 4873 2352 216 de peu de duree, & mal-aſſeuré. Voilà vn

459 5028 2348 208 Monde qui ne peut eſtre rempli que de tou¬

463 5168 2347 226 tes ſortes de biens & choſes tres-excellentes:

2153 5307 298 201 gg i
