4096 6708
861 531 1058 134 PHILIPPE LE BEL

2048 542 615 123 LIVRE IIII.

3189 553 118 140 772

414 642 2904 146 les choſes ſacrées, qui fut depuis cauſe de la ruine de toute ceſte belle & redoutable

425 732 2898 140 nultitude. D’autant que les Flamands voyans ceſte non accouſtumée façon de guer¬

414 816 2898 156 royer des noſtres, comme deſeſperez, & hors de toute attente de ſalut, ſ'enfurierent

402 916 2905 134 tellement, qu’ils ſe reſolurent de cherement vendre leur vie, & de ne laiſſer leur rui¬

397 1000 2910 157 ne ſans vengeance, ny les François ſans ſouuenance de ceſte guerre. En ſomme, les

408 1095 2910 134 Flamands tous choiſiz de la multitude (car on tient qu’il n’y auoit point plus haut de

414 1196 2898 128 dix à douze gentils-hommes outre les Princes & leur train) montoient à plus de ſoi¬

414 1280 2909 134 vante mille combatans, tous hommes reſoluz & preſts à ſe bien deffendre. Les deux

397 1358 2926 173 armées ſe voyent deuant Courtray en vn lieu appellé Groeninghe, & ſont deux ou

397 1464 2921 140 trois iours à ſ'ecarmoucher, mais à la fin le quinzieſme de Iuillet audit an de mille trois

397 1559 2915 129 cens deux la bataille fut donnée,auant le choc de laquelle les Flamands qui n’auoient

397 1649 2910 139 point de caualerie, feirent tout plein de foſſes couuertes de petits rameaux, & peu

408 1738 2893 129 de terre pour y attrapper les cheuaux, ce qui fut cauſe de leur bonne fortune & vi¬

414 1827 2887 151 ctoire. Et ainſi reſoluz du combat,leurs generaux les exhortent à bien faire, propo¬

386 1906 2948 145 ſans que c’eſtoit contre des excommuniez qu’ils auoient à faire, & contre les plus

402 2017 2927 129 cruels & iniuſtes hommes du monde: ioint que la neceſſité eſtoit telle qu’il falloit

397 2096 2915 145 ou vaincre, ou mourir,car ſans la victoire, ils ne pouuoient eſchapper d'vne captiuite

386 2168 2954 174 la plus miſerable que iamais peuple eut encor' enduré, veu la haine que les chefs Frã¬

397 2286 2932 134 çois portoient à la nation Flamande. En noſtre camp bien que la gaillardiſe y fut grã¬

391 2375 2921 140 de,ſi eſt-ce que les opinions y eſtoient diuerſes, le Comte d’Artois voulant donner la

391 2470 2916 129 bataille à quelque pris que ce fut, là où le ſeigneur de Neelle Conneſtable, ne le trou

386 2560 2932 134 uoit pas bon, ayant eſgard à l’aſſiette du camp ennemy qui eſtoir retrenché, & auoit

391 2649 2932 129 à dos la riuiere du Lys, & par tous coſtez eſtoit flanqué, où noz gens ne pouuoient

386 2739 2932 145 penetrer ſans leur ruine manifeſte. Conſeilloit de les tenir comme aſſiegez, veu qu’ils

397 2834 2926 145 ne pouuoient nuire aux garniſons de Courtray, & que facilement on les affameroit,

391 2917 2938 135 & puis apres on les feroit venir à telle compoſition qu’il plairoit au general. Mais

397 3024 2932 123 quoy? Dieu ne voulut permettre que le ſeigneur d’Artois eſcoutaſt le conſeil de ce

414 3108 2909 134 pon & ſage vieillard, ains commanda ſur l’heure qu’on aſſaillit les Flamands, leſquels

386 3191 2921 140 il dict eſtre ſupportez du Conneſtable qui auoit marié ſa fille (comme dit eſt) à Guil

397 3281 2937 168 laume fils du Comte Flamand, & l’vn des chefs de ceſte reuolte. La haſtiueté, & trop

402 3387 2899 140 grande ardeur que les François ont au combat leur a eſté ſouuent dommageable, &

397 3488 2910 117 ſur tout en ceſte bataille, laquelle commença à neuf heures du matin au iour ſuſdit a

402 3572 2921 128 uec vne telle furie & maſſacre de Flamands par la Caualerie, que peu ſ'en fallut qui

386 3644 2926 134 ce premier r’encontre n’accablaſt toute leur force & puiſſance: mais comme les no¬

386 3745 2926 128 ſtres pourſuiuiſſent leur pointe d’vne grande animoſiré, ils ſe veirent precipitez és foſ¬

386 3845 2921 129 ſes dreſſées par l’ennemy, où les Flamands à beau coup de maillets de fer, & de plõt

391 3935 2927 140 les aſſommoient comme pourceaux. Ce fut icy que perit la fleur de nobleſſe de Fran¬

397 4030 2915 123 ce, & la plus braue caualerie de l’vniuers, & moururent des plus vaillans & hardi:

391 4114 2927 139 Princes & guerriers de l’Europe, entre leſquels furẽt Robert Comte d’Artois couſin

397 4203 2921 140 germain du Roy & general de ceſte armée: Iacques ſeigneur de Condé frere du Cõte

391 4304 2910 128 de S.Pol,iſſu des Cõtes de Blois, & par-ainſi parẽt proche de la Roine de Frãce & d

408 4388 2899 134 Nauarre: Raoul Cõte d’Eu, & ſeigneur de Neelle Cõneſtable de France & des plus

391 4477 2927 140 ſages guerriers de ſon tẽps: Geoffroy de Brabãt auec ſon fils: les Cõtes de Dreux, &

397 4578 2926 117 de la Marche, d’Auge, & Robert d’Aumale, le fils du Cõte de Henaut, Guy de Neelle

402 4662 2905 139 frere du Conneſtable Raoul, lequel eſtoit Mareſchal de France, Regnaut de Trie

408 4762 2915 129 vaillant & renommé, Cheualier, Iean Comte de Tancaruille, grand Chambellan

397 4846 2932 117 Pierre de la Flotte cauſe de tous ces maux pour auoir conſeillé le ſeigneur de Chaſtil¬

397 4935 2915 140 lon de faire les mauuais traictemens deſquels il vſoit ſur le pauure peuple, & le cry

419 5042 2899 128 duquel Dieu ayant ouy, en feit icy la vengeãce: qui fut telle qu’il y demoura deux cẽs

391 5126 2916 123 cheualiers de nom: entre leſquels furent les Comtes de Dammartin, de Soiſſons, &

408 5209 2904 146 vn Allain que l'hiſtoire de la vie de Philippe que i’ay eſcrite à la main, dict auoir

402 5310 2910 123 eſté fils du Duc de Bretaigne, mais ie ne ſçay ſ’il eſtoit baſtard, veu que l’hiſtoire Bre¬

397 5388 2910 140 tonne, ny les Annales de Vitré n’en font mention quelconque, & toutesfois penſé¬

408 5494 2904 129 ie qu’il eſtoit de la maiſon, car autrement l’hiſtorien qui parle de ce qui eſt aduenu de

402 5573 2916 145 ſon temps n’en euſt faict ſi honnorable memoire, le mettant parmy les plus illuſtres

402 5662 2893 190 de France. Lequel nomme en outre le ſeigneur de Genly, Henry de Ligny: Ferrand

3346 1045 268 84 Grãd nom

3329 1095 268 123 bre de Fla¬

3340 1185 241 111 mands à

3340 1257 274 134 Ceurtray.

3362 1542 235 95 Stratage¬

3329 1587 274 140 me des Pla

3334 1682 185 190 nandi.

3385 2392 229 106 piuerſité

3357 2465 246 134 l'opiniens

3351 2554 235 123 la camp

3346 2627 196 140 Aoal.

3390 3208 235 112 L'ardeur

3340 3264 291 140 demmages

3340 3359 230 101 ble aux

3340 3426 224 129 François

3329 3493 296 134 aux cem¬

3340 3588 129 140 bats.

3374 3756 279 145 Deffaicte

3329 3857 296 111 des Fran¬

3340 3935 274 134 çois àcour

3329 4019 151 106 tray.

3334 4198 286 100 princes &

3334 4259 236 112 ſeigneurs

3334 4321 308 128 morte à la

3340 4416 280 106 baraille de

3346 4488 246 213 Cearrtro.
