4096 5784
1543 1151 2099 333 LE QVATRI ESME

2372 1378 495 212 LIVRE.

2093 1738 916 186 SOMMAIRE.

2179 2066 1666 234 OEMOIS ſe declarent pour le

2183 2213 1668 219 Due de Saxe, detiennent les filles dis

2192 2365 1653 208 Roy des Romains au cheſteau de Pra¬

2204 2506 1641 217 longue. L'Empereur donne
ſecours en per¬

2199 2654 1665 212 ſonne à ſon frere. Le Duc de Uviriem

1556 2712 582 208 R

1404 2785 2460 274 berg viẽt dem aer par don àl Empereur. Le chancelier

1408 2924 2466 270 de l’Emocreur luy rẽd reſponce. De Marquis Albert de

1414 3084 2463 264 Brandebourg priſonnier du Duc Iean Frederic de Saxe.

1417 3222 2444 264 Couſtume des A lemans donnant liberté aux vincuZ

1424 3361 2450 254 Conditions de ceux de Strasbourg ſe rendans à l’Em¬

1424 3515 2453 260 pereur. Gaſpard Fluc chef de la ligue de Boëme. Prote¬

1424 3643 2459 277 ſtans des faicts en pluſieurs endroit, George Eſpeche des¬

1437 3801 2462 263 faict huict enſeignes de gens de pied, Proteſtans. Faux

1430 3933 2463 263 bruit au camp de l’empereur. Hardie eſcarmouche fai¬

1440 4074 2459 264 cte ſur la riuiere d’elbentre les Imperiaux & Prote¬

1446 4219 2469 266 ſtaus. L'em ereur paſſe à gué la riutere d’elb, armé de

1446 4363 2460 267 corps de cuiraſſe. Nilbourg a gué par les Proteſtan. Or¬

1449 4514 2463 241 dre de l’armee Imperialle & de celle du Duc Iean Fri¬

1456 4646 2476 247 deric de Saxe. Desfaite des Proteſt ans & priſon du Dut

1472 4784 2443 296 de Saxe, & de plugeurs autres grans ſei neurs. Cas ad¬
