4096 6609
389 657 2821 158 bon encores dix ou douze iours apres ladicte prinſe, eſperãs eſtre ſecouruz. Neantmoins

396 767 2814 132 voyant Figuerol, que perſonne ne ſen mettoit en deuoir, & que lon ne ceſſoit de le ſoli¬

389 866 2819 140 citer & battre continuellement auec canonnades ( l’ayant monſieur le Mareſchal ſommé

393 950 2797 146 de ſe rendre) demanda compoſition de ſortir ſa perſonne, à condition que ſil n’auoit ſe¬

385 1050 2782 146 cours dedans vingt & quatre heures apres, il rendroit la place.Ce qui luy fut accordé. Le¬

385 1141 2799 140 quel temps eſtant eſcheu ſans moyen de ſecours, fut le chaſteau de Caſal rendu au Roy,

385 1237 2804 132 les bagues de ceux qui eſtoient dedans, ſauues. Ainſi demeurerent la ville & chaſteau de

382 1325 2814 147 Caſal en l’obeïſſance du Roy:auſquels apres auoir le Mareſchal donné bon ordre & poli¬

378 1428 2810 132 ce pour la garde, tira vers Alexandrie, & print deux chaſteaux & places fortes, Valence

382 1516 2800 147 & Sainct Saluador, leſquels il fit raſer. Ce lieu de Valence eſt place fort antique, lequel

382 1604 2813 154 Pline nomme Valentium, diſant qu’il a eſté nommé auſſi Forum Fuluij. Et parce que tout

378 1696 2793 158 le Monferrat a eſté quaſi tout conqueſté & reduit en l’obeïſſance du Roy ces annees paſ¬

385 1802 2786 143 iées, il ne m’a ſemblé eſtre hors de propos de dire, que le Monferrat eſt vne region, entre

385 1894 2816 143 celles que les antiques nommoient Ligures Ciſapenini, conſiſtant en l’eſtenduë d’vne mon¬

396 1982 2783 151 taigne continuelle & longue, laquelle eſt tres-fertile, delicieuſe, & abondante en tous

378 2074 2788 158 fruicts & amenité de biens. Dont aucuns diſent qu’elle a prins ce nom de Mont ferace,

378 2173 2781 136 qui depuis par traict de temps a eſté corrumpu & dict en Mont-ferrat. Car depuis vne

378 2265 2799 150 plaine, qui eſt entre ceſte plaiſante montaigne, & les Alpes (où eſt le commencement du¬

378 2353 2799 154 dict Monferrat) tout y eſt cultiué, labouré, fructifiant, & fertile des choſes requiſes pour

374 2449 2799 150 l'vſage de l’homme. A main gauche dudict Monferrat, eſt le fleuue de Tanaro, & à la

374 2544 2791 143 droicte eſt la riuiere du Pau, ne procedãt point ladicte region plus outre. De mode, qu’el¬

374 2636 2804 147 le eſt encloſe entre ces deux riuieres, comme vne Meſopotamie: & d’autant plus que ces

374 2731 2797 154 deux fleuues ſeſloignent des plaiſantes & fertiles collines, ils laiſſent de tant plus grande

371 2827 2807 150 amenité de planure entre deux, laquelle eſt pleine de tous biens. Ceſte region commence

374 2926 2799 143 a lemboucheure de la riuiere du l'anaro, par laquelle il delgorge dedans le Pau, non fort

371 3010 2806 143 loing de Baſignana. De ceſte region eſt chef Caſal Sainct Vas, belle & forte ville, ornee

371 3098 2802 151 de pluſieurs nobles & antiques maiſons & familles, cõme ſont les Comtes Sainct Geor¬

363 3198 2814 143 ge, & de Biandrate. Au reſte, pour ne rien laiſſer en arriere de ce qui ſe faiſoit en l’Iſle de

367 3293 2803 162 Corſe, ie ne veux omettre, que dés le mois de Iuin, l’an mil cinq cens cinquante quatre,

367 3388 2799 140 vn Capitaine nommé la Chambre, qui tenoit vn fort chaſteau en Corſe, nommé Corte,

367 3477 2796 157 auec vne trouppe de cinquante ſoldats, eſtant aſſiegé audict chaſteau, ſe fit deſcendre la

363 3579 2797 150 nuict par vne corde, pour aller ſecrettement parlementer auec les ennemis, auſquels il

371 3671 2791 151 vendit ladicte place & ſon honneur, pour vne petite ſomme d'argent. Qui fut grand per¬

374 3763 2792 147 te pour les affaires du Roy en Corſe, pourtant que ceſte place forte eſt ſituce ſus vne hau¬

367 3858 2799 151 te roche inexpugnable, & quaſi inacceſſible, & tenant en ſubiection preſque tout le reſte

374 3947 2792 157 de l’Iſle, eſtant à peu pres au milieu d’icelle: tellement que pour aller de lieu en autre, fault

371 4042 2794 156 touſiours paſſer à la mercy dudict chaſteau. Depuis pour ceſte proditoire vente, receut

356 4134 2784 158 encores ledit Capitaine la Chambre autre payement: car ayant eſté trouué à Marſeille,

352 4233 2777 147 lut pendu & eſtranglé, auec dix autres de ſes plus familiers, & la pluſpart de ſes ſoldats.

374 4332 2779 143 que lon ſoupçonnoit ſ'eſtre entenduz auec luy, mis en galere par forec. Or voulant mon¬

367 4417 2777 150 ieur de Termes rauoir ledict chaſteau de Corte, vint deuant, où il demeura l’aſſiegeant,

352 4512 2799 147 depuis le mois d’Aouſt en ladicte annee, iuſques à la fin d’Octobre enſuiuant, que les en¬

352 4604 2792 158 nemis n’en pouuoiẽt plus, leur defaillant l’eauë:car ils n’en pouuoient auoir d’autre part,

356 4699 2810 140 que d’vne ſeule ciſterne qui eſt au chaſteau, laquelle ſouuent fault en temps d’eſté. De¬

363 4791 2788 151 quoy eſtans les ennemis aduertis, qui eſtoient à la Baſtia, & ne voulans perdre ledict cha¬

348 4879 2818 158 ſteau de Corte, entreprindrent d’y faire vn auitaillement. Tellement qu’ils ſortirent de

345 4971 2814 158 Calui, & de la Baſtia, quatorze enſeignes. Ce qu’ayant entendu monſieur de Termes, dõ¬

337 5066 2829 162 na ſoudain ordre pour empeſcher leur deſſeing, faiſant le plus gros nombre de gens tant

348 5162 2807 154 de pied que de cheual, qu’il luy fut poſſible, tant des ſiens, que de ceux du païs: deſquels

341 5254 2825 158 Ane Colonnel vn Capitaine Corſe, nommé le ſeigneur Iacques de Marry, de Saincte

341 5353 2821 187 pieur (car de ce temps le Colonnel Sampietro Corſo eſtoit malade) duquel il ne fault

973 514 1657 187 DE NOSTRE TEMPS. LIV. III.

3082 532 448 235 HENRY 2.

3188 444 136 150 217

3205 902 277 107 Pigagrel de¬

3196 988 323 109 mande cempe¬

3178 1076 172 109 ſition.

3197 1248 274 117 chafſcaude

3168 1347 307 114 Caſal rends.

3186 1528 303 122 ralmce &r

3169 1622 317 111 ſainct Salua¬

3184 1685 195 92 dor pris.

3185 1746 323 96 ralentium eu

3185 1821 323 106 Forum Fuluï.

3181 1922 334 123 neftiptien de

3189 2015 238 125 Menferat.

3184 2166 287 128 diens ferax.

3168 2551 332 117 Monferrat e¬

3177 2636 327 99 eleZentre deux

3177 2698 323 92 quuieres, comme

3182 2772 293 113 la veſepora¬

3167 2849 102 118 mie.

3162 3521 338 132 Deseffaires de

3163 3610 271 120 la corſique.

3177 3947 287 128 Affiette de

3173 4042 291 106 corte fort ep¬

3154 4086 196 118 pertune.

3162 4196 331 151 tecapitaincla

3166 4314 316 121 Chambre pen¬

3160 4362 83 117 ds.
