4096 5388
1074 143 464 180 M. D.LXIX.

2530 149 368 120 LIVRE

1574 215 2312 198 Grange demie lieuë de Bourges: ce pendant qu’il & ſes

1571 359 2318 164 compagnons trouuaſſent moyen d’eſtre de la garde ce

1565 463 2324 171 ſte nuict, & que l’heure venuë du ſignal, ſi tout eſtoit

1562 577 2324 159 en eſtat, on procederoit à l’execution. Le ſignal eſtoit

1568 682 2309 177 d’vſt brandon de paille ardent, dont il deuoient faire

1565 811 530 122 deux tours.

1688 895 2192 179 Le iour de deuant monſieur de la Chatre, pour leuer

1565 1029 2315 147 tout doute qu’aucuns euſſent peu prendre de la deſ¬

1568 1137 2312 150 couuerte de telle menee, auoit fait auec tout alegreſ¬

1562 1242 2300 167 ſe, dreſſer ieux, courre la bague, & autres paſſetemps.

1559 1364 2300 147 A l’heure accouſtumee feit fermer les portes. Ce fait

1556 1460 2303 162 mande le Maire, Eſcheuins, & Capitaines de la viile,

1559 1574 2309 165 pour faire ſçauoir à tous les habitãs de ſe tenir ſur leur

1565 1691 2309 152 garde, & en armes chacun en ſon quatier, & border

1556 1801 2315 156 Ies murailles ſur les neuf heures du ſoir auec le plus

1556 1909 2312 153 de ſilence qu’ils pourroient. A ceſte heure meſme feit

1553 2014 2309 162 entrer dedans la ville quelque cauallerie & infanterie:

1550 2128 2318 155 laquelle il feit mettre pres & dedans vn Rauelin, qui eſt

1547 2239 2318 158 entre la porte Bourbonnoiſe. & la baſtille, tous Italiẽs

1556 2346 2300 159 veſtus de chemiſe blanche ſur le harnois, donnans a¬

1547 2457 2321 162 uertiſſemens auſdicts Capitaines, de ne bouger dudit

1544 2562 2318 164 lieu, iuſques au premier ſon de l’artillerie, pour les al¬

1541 2682 2318 149 ler tous ſacmenter. Ce qui fat executé D’aillieurs feit a¬

1544 2789 2312 159 uec Marin des trainees ſecrettes dedans les foſſez de la

1544 2897 2300 171 ville: auſſi des grilles, l’vne à l’entree du petit Rouelin,

1538 3008 2300 164 & l’autre à l’huis ou fauſſe porte pour entrer en la tour.

1538 3116 2315 167 Fait auſſi faire des pots, grenades & autres artifices de

1533 3232 2317 153 feu, & en la tour ſoixante ſoldats bien armez de pied

1530 3337 2305 165 en cap. Palus de ſon coſté, l’heure venuë fait ſon ſignal,

1530 3451 2317 155 & f'aide de l’vn des trois ſoldats. Voyant que l’heure

1536 3559 2308 167 eſtoit paſſee, le ſignal fait, & qu’on ne venoit point, ſort

1536 3672 2305 162 de la tour, & leur fut au deuant, pour les aſſeurer que

1536 3780 2302 159 iamais choſe ne fut mieux accommodee, & qu’il en¬

1536 3894 2302 155 treroit le premier dans latour. De fait, il fut ſuiuy pat

1533 3996 2302 161 les plus aſſeurez: entre leſquels l’Eſpau, le Baton de

1533 4106 2290 168 Renty, Capitaine Fontaine ſon Lieutenant, des Eſſars,

1527 4217 2293 168 la Roze, Capitaine Treſſian, Millet, enfans de la ville,

1530 4328 2299 164 Receueur du Taillon ſuiuoient, & autres, iuſques au

1518 4439 2311 158 nombre de dixſept encorſeletez & morionnez, auec ru

1524 4549 2296 237 daches, piſtolles & coutelas Ils ſ'eſtoient reudus à Daü¬
