2811 4017
444 234 259 149 Liure U.

629 332 1722 109 Angleterre, où il mourut en la compagnie des fideles. Deux de ſes enfans apres auoir de

627 401 1717 94 meuré en Alemagne quelque eſpace de temps és egliſes reformées à la parolle de Dicu.

627 459 1726 89 retournerent à Malines vers leur mere vefue, leur ſœur & autres leurs parens, leſquels il¬

627 511 1730 89 taſcherent d’inſtrune eh la vlajecognonfanée de l’Euangile, leur monſtrans en ſomme

631 560 1726 96 que tout leſalut depend d’vn ſeul Ieſus Chriſt, & du precieux ſang qu’il a eſpandu en re¬

629 618 1728 96 miſſion des pechez & ſatisfaction enuers le iugement de Dieu. L’odeur de ceſte doctrine

631 682 1728 83 vint à la cognoiſſance des ſuppoſts de la preſtraille du pays. Parquoy ils dreſſerent tous

629 727 1733 96 moyens pour les attraper: & ſur tous, le curé de ſaincte Catherine audit Malines s’y em¬

631 794 1731 80 ploya: & aduertit vn nommé, noſtre maiſtre Roardus Tappaert docteur & doyen de Lou¬

627 845 1732 83 uain, inueteré ennemi de la verité, & le ſolicita de venir. Iceluy eſtant venu à Malines, ce

620 899 1742 85 fut de ſoliciter au poſſible le Mayeur (qu’ils nomment Scavvtet) le ſieur Guillaume de

627 948 1732 87 kleic ken, ſeigneur de Bouenkerken, de prendre les deux freres auec la mere & ſon troiſie.

627 1006 1732 85 me frere auec la ſœur. Laquelle choſe ce Mayeur ne refuſa de faire, eſtant requis de tant de

627 1060 1732 82 gens, qu’ils appellent d’egliſe. Tous cinq donc furent mis en priſon:& pendant leur deten¬

629 1113 1733 87 tion, la preſtraille cercha tous moyens de moleſter & de diuertir leſdits empriſonnez de

629 1171 1733 83 leur droite cognoiſſance:mais ils n’y profitoyent rien. Parquoy on ſepara la mere auec le

627 1222 1735 79 plus ieune frere & la ſœur, en vn autre endroit de priſon. Le plus ieuſne frere & la ſœurfu¬

627 1287 1732 74 rent deſtournez du vray chemin par les aſtuces & ſolicitations des ennemis, quelques ex¬

629 1332 1730 76 hortations ou remonſtrances que leur bonne mere ſeuſt dire ou faire. Ils paſſerent par ce¬

625 1385 1734 83 ſte condamnation: Qu’ils ieuſneroyent quelques iours au pain & à l’eau, & qu’ils aſſiſte.

625 1441 1734 78 royent aux Meſſes, & proceſſions du Sacrement, veſtus delinge blãc. La bonne mere non¬

625 1490 1732 85 obſtant perſeuera conſtamment en la verité du Seigneur. Et combiẽ que par l’aſtuce d’vn

625 1557 1732 67 moine elle ait eſté depuis eſbranlée & deſtournée de ceſte conſtance, neantmoins quand

622 1611 1735 69 on l’amena deuant le Magiſtrat,ſolicitée à ſe deſdire, reſpondit entre autres propos qu’elle

622 1667 1735 69 les prioit de ne la mener ſi loin arriere de la verité, & qu’en icelle elle vouloit demeurer, &

622 1718 1735 71 adorer vn ſeul Dieu, par ſon Fils Ieſus Chriſt:puis q̃ luy ſeul l’auoit rachetée, ſans autre. Sur

622 1776 1735 71 ces parolles elle receut incõtinent ſentence, ou pluſtoſt vne menace furieuſe du Iuge:aſſa¬

622 1823 1737 78 uoir, d’eſtre miſe en perpetuelle priſon, s’elle ne ſe deſiſtoit de telles opinions, en receuant

622 1883 1691 71 des mains du preſtre le ſacrement, & approuuant les autres ceremonies accouſtumées.

453 736 156 98 Roardusd

453 819 158 60 Encuſe do¬

453 859 140 55 cteur de

451 890 149 91 Louuain.

1123 223 837 138 François & N icolas Matths.

716 1937 1643 69 SES deux fils cy deſſus nommez, aſſauoir l’aiſné & le ſecond, perſeueroyẽt touſiours

622 1988 1735 74 deforce inexpugnable, ſe tenãs à la pureté de la doctrine de Dieu: & n’y eut menaces ne tor

622 2046 1735 74 ment qu’on leur ſeuſt faire, qui les eſpouuãtaſt. Les ſuppoſts de l’egliſe Papale, voyans q̃

620 2099 1737 65 toutes leurs inuẽtions profitoyẽt ſi peu, delibererẽt enſemble de les amener deuãt la puiſ¬

622 2155 1735 67 ſance qu’ils appellent ſeculiere, accompagnez de grand nombre de moynes & caphards,

622 2213 1737 69 penſans par ceſte maſque exterieure eſpouuanter ou eſblouir ces deux ieunes gens. Tou¬

620 2265 1737 62 te ceſte trouppe donc eſtant venue deuant les Magiſtrats à leur inſtance aſſemblez, l’In¬

625 2316 1732 76 quiſiteur commẽça à dire à haute voix, Nous auons deſia pris grand’ peine pour vous de¬

620 2370 1737 64 ſtourner de vos erreurs, & toutefois par amitié nous n’auons rien profité. Il faut donques

620 2425 1735 67 maintenant que vous declariez icy voſtre foy deuant ce ſiege de iuſtice & ſuperiorité,

620 2470 1735 74 & lon verra quelle elle ſera trouuée. Sur ce reſpondit le plus ieune des deux freres, aſſa¬

622 2535 1733 67 uoir Nicolas: L’Apoſtre ſainct Paul ny les autres ſeruiteurs de Dieu n’ont iamais diffe¬

622 2588 1733 65 ré de faire profeſſion & confeſſion de leur foy, tant deuant la puiſſance eccleſiaſtique, que

622 2642 1733 71 ſeculiere, que vous appelez: & pourquoy ne ferions-nous le meſme, veu que c’eſt vn meſ¬

620 2698 1735 64 me Eſprit qui nous donnera dequoy vous reſpondre? Ne penſez pas pourtant nous intimi¬

618 2753 1737 67 dermnous auons bon maiſtre. (Ces aduerſaires voyans ceſte promptitude, les firent ſepa¬

618 2800 1735 72 rer l’vn de l’autre. Et demanderent premierement à l’aiſné, à ſauoir François, ce qu’il croy¬

618 2849 1735 85 oit. Il reſpondit croire tout ce qui eſt contenu au vieil & nouueau Teſtamẽt. Les Theolo¬

616 2905 1737 87 giẽs là preſens dirẽt, Qui vous a enſeigné le viel & nouueau Teſtamẽt? Pour l’auoir leu, dit¬

612 2959 1739 89 il, & pour l’auoir ouy annõcer en Alemagne: & le Seigneur nous a fait ceſte grace, de nous

613 3021 1735 78 auoir ouuert les yeux & l’entendement pour l’entendre. Les Theologiens procedans ou¬

613 3066 1733 87 tre, demanderent s’il tenoit l’egliſe Romaine pour l’egliſe catholique. Reſpondit que non.

613 3122 1735 89 Eſcoutez, dirent les Theologiens, il eſt vray qu’il y a quelques erreurs & abus en icelle.

613 3182 1733 78 François coupant leurs propos, dit, Il s’enſuit donc que ce n’eſt point la ſaincte Egliſe ca¬

611 3235 1733 83 tholique & l’eſpouſe de leſus Chriſt: laquelle doit eſtre ſans ſouilleure & macule, comme

611 3289 1731 85 la coulombe. Leſdits Theologiens arreſtez tout court en leur propos deuãt la multitude,

613 3343 1729 82 paſſerent outre: & aualerent ceſte honte auec vn mot qu’ils adiouſterent, que l’egliſe Ro¬

596 3394 1741 111 mainc eſtoit ſous la protection de la ſaincte Egliſe Chreſtienne, dont le Pape eſtoit le cher

430 3235 168 96 Les Theole

430 3296 183 78 gies de Lou

428 3358 183 59 uain ſurpris

433 3394 187 111 taleurre

428 3427 69 85 pos.

2255 3447 89 81 Car
