4232 6760
1003 157 233 218 538

1980 108 823 256 LIVRE

973 311 2992 278 courbent par dedans, comme pourroit repreſen¬

977 522 2988 221 ter la forme de quatre eſperons mis en quarré

980 672 2981 240 ſur vne place. Il a deux iſſues, l’vne pour deſcen¬

980 845 2981 214 dre au fleuue, l’autre à droite, qui reçoit vne

984 987 2969 237 tranchée, laquelle va iuſques au Rhoſne en de¬

980 1152 2973 226 ſcendant. C’eſt l’eſtat auquel le Capitaine Saint

980 1310 2962 241 Ange l’auoit eſleué, lors que l’armée fut au Pou¬

984 1483 2954 218 ſin: car puis apres on en aduança & accommo¬

984 1648 2218 203 da-lon beaucoup mieux le modelle.

1146 1791 2804 218 A deux ou trois cents pas du fort y a vn petit

977 1956 2965 229 ruiſſeau: les eaux duquel deſcendantes des mon¬

984 2110 2943 240 taignes, s’eſpandent çà & là, ſe iouans ſur ceſte

980 2279 2947 233 plaine, qu’elles tranchent en pluſieurs endroits,

984 2448 2947 195 font quelques mareſcs, & lieux bouëus pres du

984 2595 2947 229 fott. Puis laſſés de courir plus auant, s’enfoncent

977 2756 2950 222 dans le Rhoſne. Au deſſous du fort, au gauche

973 2918 2947 229 duquel, tirãt vers Loriol, y a quelques ſaulſayes,

977 3083 2950 214 dedans leſquelles Mombrun auoir paſſé; & crai¬

988 3241 2939 221 gnant la venue de Gordes, muſſa nombre d’har¬

980 3398 2947 237 quebuziers au plus couuert qu’il peut, qu’il flan¬

984 3571 2943 207 qua de quinze ou vingt Piſtolliers. Puis reſolu

977 3744 2939 180 de les ſouſtenir auec le reſte de ſes forces, atten¬

973 3883 2729 218 dit la charge vn peu plus bas vers le Rhoſne.

1157 4037 2759 214 Du Rouſſet ne faillit à les aller recognoiſtre

984 4206 2939 203 bien toſt, & n’apperceuant que ces premiers deſ¬

980 4378 2940 207 couureurs, qui faignoyent la contenance demye

980 4525 2940 214 aſſeurée, s’aduance pour les charger. Mais à l’in¬

980 4694 2928 207 ſtant fut de façon ſalué par ces harquebuziers,

988 4859 2920 188 qui luy donnerent en teſte comme il marchoit,

988 5009 2924 203 que ſentant la pluſ-part leurs cheuaux bleſſés,

980 5154 2930 214 aduiſerent de tourner bride pour en aduertir le

980 5312 2947 208 general: lequel y fut ſi mal-gracieuſement receu

980 5475 2936 231 par ces traiſtres harquebuziers, qu’il eut aſſés

980 5633 2942 276 d’occaſion pour les donner à tous les diables,

3668 5794 274 252 s’ils

428 5131 546 248 Rencõtre

422 5329 552 197 deGordes

428 5481 546 242 & Mom

417 5667 557 264 brun.
