1128 1991
93 99 103 56 562

329 82 277 64 Liur. XIII

812 84 58 75 385

57 169 815 31 qu’ils ſoient contraints en leurs conſciences ni recher¬

54 189 766 57 chés du paſſé pour ladite Religion ni pour l’aduenir.

89 240 781 45 QVE tous priſonniers de guerre ſeront rendus tant

55 268 817 54 d’vne part que d’autre ſans payer rançon, ce qui s’entend

60 311 518 50 de ceux qui ont eſté pris en guerre.

94 344 778 55 QVE les gouuerneurs qui ſeront mis eſdites places

57 392 814 47 auec les garniſons qu’il ſera aduiſe par les officiers du

57 420 813 56 Pape, ſeront gentilſhommes qualifiés & approuués par

54 461 816 54 ledit ſieur Mareſchal, qui donneront ordre de tenir cha

55 505 290 45 cun en bonne paix.

92 533 776 53 QVE tous habitans des lieux où reſideront ceux de

54 579 814 48 ladite religion, de quelque religion qu’ils ſoient, poſerõt

57 613 813 56 Ies armes & les remettront en la garde de tels perſonna

59 652 812 55 ges qu’il ſera aduiſé par les gouuerneurs & officiers du

57 692 814 50 Pape, ſans y comprendre ceux de ladite garniſon, le tout

57 727 813 55 iuſques à ce que le Pape en ayt là deſſus declaré ſon bon

60 768 808 56 vouloir, lequel ledit ſieur Vicelegat & Fabriers promet¬

57 807 813 52 tẽt leur faire entendre pour tout le mois de Nouembre

59 846 818 54 prochain. Et au cas que le Pape ne vouſiſt con ſentir que

59 882 812 55 iceux de la Religion demeuraſſent en ſeſdits pays & ter¬

59 924 812 54 res, leur ſera permis vnterme honneſte qui leur ſera don

59 963 588 46 né pour ſe retirer où bon leur ſemblera.

58 996 809 61 Et pareillement leur ſera permiſe en ce cas la vendition

60 1037 808 56 ou iouiſſance de leurs biens, & leur ſera donné abolitiõ

63 1078 809 56 des crimes ſelon le bon plaiſir du Pape, ſuiuant ce qui

63 1117 808 55 fut arreſté entre la Maieſté du Roy & monſieur le Car¬

64 1159 485 51 dinal de Ferrare Legat en France.

101 1191 770 60 QVE tous ceux de ladite Religion qui ſeront d’Aui¬

63 1228 809 60 gnon, Chaſteauneuf de Pape, & de Bederrides iouiront

63 1269 809 59 ſans reſidence du contenu és preſens articles cõme ceux

66 1329 219 35 dudit Comtat.

99 1338 773 59 EN tout ce que deſſus ne ſont compris larrons, meur¬

60 1383 812 53 triers & voleurs, ne autre choſes commiſes hors le faict

61 1422 812 65 de la guerre, deſquels crimes la cognoiſſance ſera à ceux

63 1466 275 62 qu’il appartiendra.

190 1635 225 99 III Volum¬

679 1652 71 49 Bbb
