4096 5620
784 165 525 203 M.D.LIVIII

2249 162 391 119 LIVRE

1330 237 2475 184 quelque cent de harquebuziers pour la garde, en cas

1327 377 2481 160 qu’ils fufſent inopinément chargez. Se preſentent plus

1324 505 2484 150 haut tous rengez en bataille pour y prendre le hazard

1324 621 2478 147 d’vne iournée, diſpoſez comme au parauant. L’infan¬

1324 736 2490 153 terie flanquée de deux troupes de cauallerie, & pour

1324 871 2490 137 teſte cent cinquante enfans perduz. Lors conſiderée

1327 974 2478 146 leur reſolution de paſſer outre, les Catholiques en¬

1327 1089 2490 150 uoyent Monſieur de Hautefeuille & Breſieux, auec

1327 1202 2490 165 bon nombre de lances ou piſtolles, ſuiuis de quatre ou

1324 1333 2487 159 cinq enſeignes de gens de pié, pour les charger, ou en¬

1327 1448 2494 138 treprendre ſur eux, comme ils aduiſeroient: contre

1327 1567 2497 156 leſquels Hautefeuille eſtoit d’autant plus animé qu’il

1327 1698 2497 144 auoit veu & ſçeu le rauage que les Confederez auoient

1327 1801 2490 166 faict à ſon Chaſteau prochain de là, & par toutes ſes

1327 1920 335 143 terres.

1496 2035 2325 159 Les Proteſtans eſtoient montez & armez à la lege¬

1330 2157 2497 144 re, peu d’armes fors le corſelet & morion: point de lan¬

1326 2272 2504 144 ces, ains ſeulement les piſtolles. Les deux tiers de leur

1334 2388 2499 169 infanterie n’auoit de bourguignote, ains ſeulement

1326 2520 2504 161 l’harquebuze, & telle que la pauureté de la pluſpart

1321 2638 2506 150 commandoit. Les Catholiques montez en gens d’or¬

1327 2760 2503 146 donnance, & armez (la pluſpart) iuſques aux greues:

1330 2872 2497 156 bonnes & roides lances, auec les piſtolles & coutelaz

1327 2994 2503 153 au beſoin. L’infanterie n’eſtoit gueres mieux en poinct

1330 3119 2497 128 que les autres. Ils auoient de mil à douze cens cheuaux

1327 3234 2490 150 en tout, que bons que mauuais. Hautefeuille ſe pre¬

1324 3356 2506 147 ſente ſur la droicte des coniurez, qui feirent auancer ſur

1324 3471 2500 141 luy tous les enfans perduz qu’on renforçoit & encou¬

1321 3590 2509 150 rageoit de temps en temps: leſquels ſ'y porterent ſi cou

1318 3706 2509 159 rageux, qu’ils feirent perdre cœur à pluſieurs, qui les

1324 3830 2490 147 euſſent aiſément rompuz ſ’ils les euſſent chargez com¬

1324 3946 2500 137 me ils deuoient. Car pendant ceſte eſcarmouche les

1327 4055 2494 156 deux cornettes du Viconte de Bourniquet ſe haſtent, &

1324 4180 2500 166 au grand trot, chargent à toute bride parmy ceux que

1327 4302 2500 150 les enfans perduz auoient ia fort eſclarcy. Tellement

1327 4414 2494 147 que Haute feuille bleſſé à mort, & pluſieurs autres veus

1324 4552 2500 159 par terre, toute la troupe ſe miſt au grand galop, pour

1321 4658 1016 140 fuir à perte de cheual.

1490 4773 2334 156 Ce pendant Breſieux Dauphinois, ſuiuy de quel¬

1334 4889 2490 265 ques enſeignes de fantaſſins, combatoit Poncenac &

821 2157 491 133 Armes &

777 2269 539 142 equipages des

777 2382 484 156 Catholiques

781 2516 539 150 & des prote¬

771 2619 275 184 stans.
