4096 6076
584 401 1523 162 L’HISTOIRE DES HIST.

2242 411 266 176 461

260 543 2252 172 nouueaux Autheurs, ſe ſont fort aydez de ſes

260 685 2252 169 labeurs. Zonare eſt ſuiuy par Nicete, Nicete

263 823 2039 176 par Gregoras, Gregore par Calchondyle.

432 962 2087 155 Anne fille de l’Empereur Alexis, pourſuit

260 1100 2245 165 apres Zonare en vingt liures de ſon Alexiade,

260 1235 2255 165 les faicts de ſon Pere, enuiron l’an de Chriſt

266 1400 294 139 1130.

438 1502 2067 165 Nicete Acominate Choniate, fit l’Hiſtoire

270 1647 2238 162 Grecque de 86. ans dés la fin de Zonare, iuſ¬

273 1785 2242 166 ques à la mort de Murzuphle Empereur. ceſt

266 1927 2239 155 depuis 1118. ou 1203. iuſques à 1210. ou enui¬

266 2062 2229 152 ron en 19.liures. Il naſquit en Chones bourg

260 2187 2262 172 de la Phrygie. Continue l’Hiſtoire de Zonare

263 2322 2245 159 dés l’an de Chriſt 1117. auquel Caloioanes ou

263 2467 2235 138 Iean Comnene fils d’Alexis Comnene, com¬

260 2605 2242 156 menca de regner iuſques à l’an 1210. que les

256 2734 2249 155 François & Venetiens ſouz Balduin pr. Com¬

260 2875 2248 163 te de Flandres, prindrent Conſtantinople. Et

256 3000 2249 176 paruint à l’an qu’Henry ſon frere fut eſleu &

263 3144 2226 167 couronné Empereur. On remarque vn net &

260 3291 2238 152 ſain iugement en ſon narté. Mais ſon ſtil ſem¬

266 3419 2222 159 ble trop curieux & trop mandié des Poëtes,

266 3554 2232 142 d’Homere notamment. Il remonſtre ſouuent

266 3692 2229 149 auec graces & iugement, & en ſont les aduis

263 3814 1273 159 ſains, vrais & profitables.

395 3942 2097 172 Nicephore Gregoras, Conſeiller d’Andro¬

270 4087 2225 162 nic le ieune Empereur, ſuit l’Hiſtoire, non la

270 4219 2225 162 foy, ny le ſoing & louange de Aconiate, dés la

276 4354 2216 159 priſe de Conſtãtinople. A dreſſé l’hiſtoire des

276 4492 2219 159 Empereurs Grecs de 145. dés Theodore Laſ¬

273 4624 2219 159 caris iuſques au dernier Andronic Paleologue

280 4756 2208 155 128. de Chriſt. Il deduit en vnze liures, l’Hi¬

273 4894 2205 203 ſtoire de Conſtantinople depuis l’an 1203.
